datetime,date,time,price,volume
20220225 150136,20220225,150136,11.5,1
20220225 150136,20220225,150136,11.5,1
20220225 150141,20220225,150141,11.5,2
20220225 150141,20220225,150141,11.5,2
20220225 150155,20220225,150155,11.5,1
20220225 150155,20220225,150155,11.5,1
20220225 150201,20220225,150201,12.0,10
20220225 150201,20220225,150201,12.0,10
20220225 150226,20220225,150226,13.0,1
20220225 150226,20220225,150226,13.0,1
20220225 150235,20220225,150235,13.0,2
20220225 150235,20220225,150235,13.0,2
20220225 150256,20220225,150256,13.0,5
20220225 150256,20220225,150256,13.0,5
20220225 150306,20220225,150306,12.5,1
20220225 150306,20220225,150306,12.5,1
20220225 150334,20220225,150334,13.0,2
20220225 150334,20220225,150334,13.0,1
20220225 150334,20220225,150334,13.0,1
20220225 150356,20220225,150356,12.0,1
20220225 150356,20220225,150356,12.0,1
20220225 150400,20220225,150400,12.0,3
20220225 150400,20220225,150400,12.0,1
20220225 150400,20220225,150400,12.0,2
20220225 150410,20220225,150410,12.0,3
20220225 150410,20220225,150410,12.0,1
20220225 150410,20220225,150410,12.0,1
20220225 150410,20220225,150410,12.0,1
20220225 150426,20220225,150426,12.0,5
20220225 150426,20220225,150426,12.0,1
20220225 150426,20220225,150426,12.0,2
20220225 150426,20220225,150426,12.0,1
20220225 150426,20220225,150426,12.0,1
20220225 150429,20220225,150429,12.0,1
20220225 150429,20220225,150429,12.0,1
20220225 150433,20220225,150433,12.0,3
20220225 150433,20220225,150433,12.0,3
20220225 150435,20220225,150435,12.0,1
20220225 150435,20220225,150435,12.0,1
20220225 150436,20220225,150436,12.0,2
20220225 150436,20220225,150436,12.0,2
20220225 150439,20220225,150439,12.0,1
20220225 150439,20220225,150439,12.0,1
20220225 150442,20220225,150442,12.0,1
20220225 150442,20220225,150442,12.0,1
20220225 150442,20220225,150442,12.5,1
20220225 150442,20220225,150442,12.5,1
20220225 150457,20220225,150457,12.0,1
20220225 150457,20220225,150457,12.0,1
20220225 150535,20220225,150535,12.0,14
20220225 150535,20220225,150535,12.0,10
20220225 150535,20220225,150535,12.0,4
20220225 150536,20220225,150536,12.0,13
20220225 150536,20220225,150536,12.0,13
20220225 150541,20220225,150541,12.0,2
20220225 150541,20220225,150541,12.0,2
20220225 150541,20220225,150541,12.0,2
20220225 150541,20220225,150541,12.0,2
20220225 150547,20220225,150547,12.0,1
20220225 150547,20220225,150547,12.0,1
20220225 150548,20220225,150548,11.5,48
20220225 150548,20220225,150548,11.5,20
20220225 150548,20220225,150548,11.5,28
20220225 150557,20220225,150557,11.0,30
20220225 150557,20220225,150557,11.0,26
20220225 150557,20220225,150557,11.0,4
20220225 150606,20220225,150606,11.0,1
20220225 150606,20220225,150606,11.0,1
20220225 150607,20220225,150607,11.5,1
20220225 150607,20220225,150607,11.5,1
20220225 150627,20220225,150627,11.5,2
20220225 150627,20220225,150627,11.5,2
20220225 150713,20220225,150713,11.5,1
20220225 150713,20220225,150713,11.5,1
20220225 150715,20220225,150715,11.0,1
20220225 150715,20220225,150715,11.0,1
20220225 150732,20220225,150732,11.5,1
20220225 150732,20220225,150732,11.5,1
20220225 150735,20220225,150735,11.5,1
20220225 150735,20220225,150735,11.5,1
20220225 150737,20220225,150737,11.5,2
20220225 150737,20220225,150737,11.5,2
20220225 150744,20220225,150744,11.5,1
20220225 150744,20220225,150744,11.5,1
20220225 150805,20220225,150805,12.0,4
20220225 150805,20220225,150805,12.0,4
20220225 150837,20220225,150837,11.5,2
20220225 150837,20220225,150837,11.5,1
20220225 150837,20220225,150837,11.5,1
20220225 150851,20220225,150851,11.0,1
20220225 150851,20220225,150851,11.0,1
20220225 150924,20220225,150924,11.5,1
20220225 150924,20220225,150924,11.5,1
20220225 150959,20220225,150959,11.0,3
20220225 150959,20220225,150959,11.0,3
20220225 151002,20220225,151002,11.5,1
20220225 151002,20220225,151002,11.5,1
20220225 151026,20220225,151026,11.5,16
20220225 151026,20220225,151026,11.5,5
20220225 151026,20220225,151026,11.5,11
20220225 151038,20220225,151038,11.5,3
20220225 151038,20220225,151038,11.5,3
20220225 151102,20220225,151102,11.5,12
20220225 151102,20220225,151102,11.5,12
20220225 151152,20220225,151152,11.5,41
20220225 151152,20220225,151152,11.5,3
20220225 151152,20220225,151152,11.5,12
20220225 151152,20220225,151152,11.5,26
20220225 151152,20220225,151152,11.5,9
20220225 151152,20220225,151152,11.5,9
20220225 151157,20220225,151157,11.5,26
20220225 151157,20220225,151157,11.5,26
20220225 151157,20220225,151157,11.5,5
20220225 151157,20220225,151157,11.5,5
20220225 151215,20220225,151215,12.0,2
20220225 151215,20220225,151215,12.0,1
20220225 151215,20220225,151215,12.0,1
20220225 151243,20220225,151243,12.0,8
20220225 151243,20220225,151243,12.0,1
20220225 151243,20220225,151243,12.0,5
20220225 151243,20220225,151243,12.0,1
20220225 151243,20220225,151243,12.0,1
20220225 151245,20220225,151245,11.5,16
20220225 151245,20220225,151245,11.5,16
20220225 151301,20220225,151301,12.0,20
20220225 151301,20220225,151301,12.0,20
20220225 151312,20220225,151312,12.0,28
20220225 151312,20220225,151312,12.0,28
20220225 151321,20220225,151321,11.5,10
20220225 151321,20220225,151321,11.5,10
20220225 151406,20220225,151406,11.5,1
20220225 151406,20220225,151406,11.5,1
20220225 151422,20220225,151422,12.0,28
20220225 151422,20220225,151422,12.0,28
20220225 151458,20220225,151458,12.0,2
20220225 151458,20220225,151458,12.0,2
20220225 151516,20220225,151516,12.0,1
20220225 151516,20220225,151516,12.0,1
20220225 151516,20220225,151516,12.0,2
20220225 151516,20220225,151516,12.0,2
20220225 151619,20220225,151619,11.5,23
20220225 151619,20220225,151619,11.5,20
20220225 151619,20220225,151619,11.5,1
20220225 151619,20220225,151619,11.5,1
20220225 151619,20220225,151619,11.5,1
20220225 151619,20220225,151619,11.5,27
20220225 151619,20220225,151619,11.5,27
20220225 151659,20220225,151659,11.0,1
20220225 151659,20220225,151659,11.0,4
20220225 151659,20220225,151659,11.0,5
20220225 151706,20220225,151706,11.0,5
20220225 151706,20220225,151706,11.0,1
20220225 151706,20220225,151706,11.0,1
20220225 151706,20220225,151706,11.0,1
20220225 151706,20220225,151706,11.0,26
20220225 151706,20220225,151706,11.0,12
20220225 151706,20220225,151706,11.0,1
20220225 151706,20220225,151706,11.0,47
20220225 151706,20220225,151706,11.0,87
20220225 151706,20220225,151706,11.0,87
20220225 151706,20220225,151706,11.0,24
20220225 151706,20220225,151706,11.0,24
20220225 151706,20220225,151706,11.0,26
20220225 151706,20220225,151706,11.0,26
20220225 151710,20220225,151710,11.0,1
20220225 151710,20220225,151710,11.0,1
20220225 151721,20220225,151721,11.0,1
20220225 151721,20220225,151721,11.0,1
20220225 151722,20220225,151722,11.0,1
20220225 151722,20220225,151722,11.0,1
20220225 151727,20220225,151727,11.0,1
20220225 151727,20220225,151727,11.0,1
20220225 151738,20220225,151738,11.0,1
20220225 151738,20220225,151738,11.0,1
20220225 151739,20220225,151739,11.0,1
20220225 151739,20220225,151739,11.0,1
20220225 151747,20220225,151747,11.0,1
20220225 151747,20220225,151747,11.0,1
20220225 151802,20220225,151802,11.0,12
20220225 151802,20220225,151802,11.0,9
20220225 151802,20220225,151802,11.0,1
20220225 151802,20220225,151802,11.0,2
20220225 151812,20220225,151812,11.0,1
20220225 151812,20220225,151812,11.0,1
20220225 151822,20220225,151822,11.0,2
20220225 151822,20220225,151822,11.0,1
20220225 151822,20220225,151822,11.0,1
20220225 151827,20220225,151827,11.5,8
20220225 151827,20220225,151827,11.5,1
20220225 151827,20220225,151827,11.5,7
20220225 151915,20220225,151915,11.0,1
20220225 151915,20220225,151915,11.0,1
20220225 151929,20220225,151929,11.0,1
20220225 151929,20220225,151929,11.0,1
20220225 151930,20220225,151930,11.0,1
20220225 151930,20220225,151930,11.0,1
20220225 151934,20220225,151934,11.0,1
20220225 151934,20220225,151934,11.0,1
20220225 151943,20220225,151943,11.0,1
20220225 151943,20220225,151943,11.0,1
20220225 151944,20220225,151944,11.0,1
20220225 151944,20220225,151944,11.0,1
20220225 151952,20220225,151952,11.0,1
20220225 151952,20220225,151952,11.0,1
20220225 151953,20220225,151953,11.0,1
20220225 151953,20220225,151953,11.0,1
20220225 151958,20220225,151958,11.0,1
20220225 151958,20220225,151958,11.0,1
20220225 152135,20220225,152135,11.5,4
20220225 152135,20220225,152135,11.5,4
20220225 152149,20220225,152149,11.0,10
20220225 152149,20220225,152149,11.0,1
20220225 152149,20220225,152149,11.0,9
20220225 152223,20220225,152223,11.0,1
20220225 152223,20220225,152223,11.0,1
20220225 152245,20220225,152245,11.0,19
20220225 152245,20220225,152245,11.0,19
20220225 152302,20220225,152302,11.0,1
20220225 152302,20220225,152302,11.0,1
20220225 152345,20220225,152345,11.5,2
20220225 152345,20220225,152345,11.5,2
20220225 152350,20220225,152350,11.5,1
20220225 152350,20220225,152350,11.5,1
20220225 152419,20220225,152419,12.0,2
20220225 152419,20220225,152419,12.0,2
20220225 152518,20220225,152518,12.0,1
20220225 152518,20220225,152518,12.0,1
20220225 152535,20220225,152535,12.0,2
20220225 152535,20220225,152535,12.0,1
20220225 152535,20220225,152535,12.0,1
20220225 152545,20220225,152545,12.0,1
20220225 152545,20220225,152545,12.0,1
20220225 152643,20220225,152643,12.0,2
20220225 152643,20220225,152643,12.0,2
20220225 152707,20220225,152707,11.5,2
20220225 152707,20220225,152707,11.5,2
20220225 152710,20220225,152710,11.5,10
20220225 152710,20220225,152710,11.5,1
20220225 152710,20220225,152710,11.5,9
20220225 152721,20220225,152721,11.5,3
20220225 152721,20220225,152721,11.5,1
20220225 152721,20220225,152721,11.5,2
20220225 152727,20220225,152727,11.5,10
20220225 152727,20220225,152727,11.5,10
20220225 152852,20220225,152852,12.0,7
20220225 152852,20220225,152852,12.0,2
20220225 152852,20220225,152852,12.0,5
20220225 152922,20220225,152922,11.5,1
20220225 152922,20220225,152922,11.5,1
20220225 152934,20220225,152934,12.0,5
20220225 152934,20220225,152934,12.0,5
20220225 153028,20220225,153028,12.5,1
20220225 153028,20220225,153028,12.5,1
20220225 153123,20220225,153123,11.5,1
20220225 153123,20220225,153123,11.5,1
20220225 153123,20220225,153123,11.5,1
20220225 153123,20220225,153123,11.5,1
20220225 153124,20220225,153124,11.5,1
20220225 153124,20220225,153124,11.5,1
20220225 153124,20220225,153124,11.5,1
20220225 153124,20220225,153124,11.5,1
20220225 153125,20220225,153125,11.5,1
20220225 153125,20220225,153125,11.5,1
20220225 153125,20220225,153125,11.5,1
20220225 153125,20220225,153125,11.5,1
20220225 153125,20220225,153125,11.5,1
20220225 153125,20220225,153125,11.5,1
20220225 153126,20220225,153126,11.5,1
20220225 153126,20220225,153126,11.5,1
20220225 153142,20220225,153142,12.0,1
20220225 153142,20220225,153142,12.0,1
20220225 153203,20220225,153203,12.0,3
20220225 153203,20220225,153203,12.0,3
20220225 153325,20220225,153325,12.5,2
20220225 153325,20220225,153325,12.5,2
20220225 153333,20220225,153333,12.5,1
20220225 153333,20220225,153333,12.5,1
20220225 153450,20220225,153450,12.5,1
20220225 153450,20220225,153450,12.5,1
20220225 153521,20220225,153521,13.0,6
20220225 153521,20220225,153521,13.0,6
20220225 153606,20220225,153606,12.5,10
20220225 153606,20220225,153606,12.5,10
20220225 153633,20220225,153633,13.0,1
20220225 153633,20220225,153633,13.0,1
20220225 153633,20220225,153633,12.5,1
20220225 153633,20220225,153633,12.5,1
20220225 153652,20220225,153652,13.0,1
20220225 153652,20220225,153652,13.0,1
20220225 153718,20220225,153718,13.0,2
20220225 153718,20220225,153718,13.0,2
20220225 153932,20220225,153932,12.5,2
20220225 153932,20220225,153932,12.5,2
20220225 153959,20220225,153959,12.5,30
20220225 153959,20220225,153959,12.5,12
20220225 153959,20220225,153959,12.5,16
20220225 153959,20220225,153959,12.5,1
20220225 153959,20220225,153959,12.5,1
20220225 154137,20220225,154137,12.5,5
20220225 154137,20220225,154137,12.5,5
20220225 154212,20220225,154212,12.5,1
20220225 154212,20220225,154212,12.5,1
20220225 154220,20220225,154220,12.5,9
20220225 154220,20220225,154220,12.5,9
20220225 154255,20220225,154255,12.5,1
20220225 154255,20220225,154255,12.5,1
20220225 154408,20220225,154408,13.0,1
20220225 154408,20220225,154408,13.0,1
20220225 154512,20220225,154512,12.5,1
20220225 154512,20220225,154512,12.5,1
20220225 154537,20220225,154537,13.0,1
20220225 154537,20220225,154537,13.0,1
20220225 154616,20220225,154616,12.5,1
20220225 154616,20220225,154616,12.5,1
20220225 154656,20220225,154656,12.5,1
20220225 154656,20220225,154656,12.5,1
20220225 154656,20220225,154656,12.5,1
20220225 154656,20220225,154656,12.5,1
20220225 154656,20220225,154656,12.5,1
20220225 154656,20220225,154656,12.5,1
20220225 154659,20220225,154659,12.5,1
20220225 154659,20220225,154659,12.5,1
20220225 154916,20220225,154916,13.0,1
20220225 154916,20220225,154916,13.0,1
20220225 155048,20220225,155048,12.5,13
20220225 155048,20220225,155048,12.5,1
20220225 155048,20220225,155048,12.5,1
20220225 155048,20220225,155048,12.5,1
20220225 155048,20220225,155048,12.5,10
20220225 155052,20220225,155052,12.5,3
20220225 155052,20220225,155052,12.5,3
20220225 155052,20220225,155052,12.5,1
20220225 155052,20220225,155052,12.5,1
20220225 155134,20220225,155134,12.5,2
20220225 155134,20220225,155134,12.5,1
20220225 155134,20220225,155134,12.5,1
20220225 155237,20220225,155237,12.0,3
20220225 155237,20220225,155237,12.0,1
20220225 155237,20220225,155237,12.0,1
20220225 155237,20220225,155237,12.0,1
20220225 155338,20220225,155338,12.0,1
20220225 155338,20220225,155338,12.0,1
20220225 155512,20220225,155512,11.5,1
20220225 155512,20220225,155512,11.5,1
20220225 155531,20220225,155531,11.5,2
20220225 155531,20220225,155531,11.5,1
20220225 155531,20220225,155531,11.5,1
20220225 155531,20220225,155531,11.5,1
20220225 155531,20220225,155531,11.5,1
20220225 155558,20220225,155558,11.0,1
20220225 155558,20220225,155558,11.0,1
20220225 155610,20220225,155610,11.0,1
20220225 155610,20220225,155610,11.0,1
20220225 155610,20220225,155610,11.5,3
20220225 155610,20220225,155610,11.5,2
20220225 155610,20220225,155610,11.5,1
20220225 155623,20220225,155623,11.5,1
20220225 155623,20220225,155623,11.5,1
20220225 155628,20220225,155628,11.0,4
20220225 155628,20220225,155628,11.0,4
20220225 155752,20220225,155752,12.0,1
20220225 155752,20220225,155752,12.0,1
20220225 155804,20220225,155804,12.0,1
20220225 155804,20220225,155804,12.0,1
20220225 155938,20220225,155938,12.5,10
20220225 155938,20220225,155938,12.5,10
20220225 155938,20220225,155938,12.5,6
20220225 155938,20220225,155938,12.5,6
20220225 155945,20220225,155945,12.5,1
20220225 155945,20220225,155945,12.5,1
20220225 160000,20220225,160000,12.5,10
20220225 160000,20220225,160000,12.5,10
20220225 160005,20220225,160005,12.5,10
20220225 160005,20220225,160005,12.5,10
20220225 160014,20220225,160014,12.0,2
20220225 160014,20220225,160014,12.0,1
20220225 160014,20220225,160014,12.0,1
20220225 160105,20220225,160105,12.5,1
20220225 160105,20220225,160105,12.5,1
20220225 160207,20220225,160207,12.0,1
20220225 160207,20220225,160207,12.0,1
20220225 160316,20220225,160316,12.0,2
20220225 160316,20220225,160316,12.0,2
20220225 160328,20220225,160328,12.0,1
20220225 160328,20220225,160328,12.0,1
20220225 160430,20220225,160430,12.0,2
20220225 160430,20220225,160430,12.0,1
20220225 160430,20220225,160430,12.0,1
20220225 160505,20220225,160505,12.0,2
20220225 160505,20220225,160505,12.0,2
20220225 160638,20220225,160638,12.0,1
20220225 160638,20220225,160638,12.0,1
20220225 160642,20220225,160642,11.5,50
20220225 160642,20220225,160642,11.5,1
20220225 160642,20220225,160642,11.5,1
20220225 160642,20220225,160642,11.5,26
20220225 160642,20220225,160642,11.5,22
20220225 160647,20220225,160647,11.5,1
20220225 160647,20220225,160647,11.5,1
20220225 160710,20220225,160710,11.0,9
20220225 160710,20220225,160710,11.0,1
20220225 160710,20220225,160710,11.0,1
20220225 160710,20220225,160710,11.0,1
20220225 160710,20220225,160710,11.0,1
20220225 160710,20220225,160710,11.0,1
20220225 160710,20220225,160710,11.0,1
20220225 160710,20220225,160710,11.0,2
20220225 160710,20220225,160710,11.0,1
20220225 160719,20220225,160719,11.0,1
20220225 160719,20220225,160719,11.0,1
20220225 160731,20220225,160731,10.5,1
20220225 160731,20220225,160731,10.5,1
20220225 160741,20220225,160741,10.0,9
20220225 160741,20220225,160741,10.0,1
20220225 160741,20220225,160741,10.0,2
20220225 160741,20220225,160741,10.0,4
20220225 160741,20220225,160741,10.0,2
20220225 160741,20220225,160741,10.5,2
20220225 160741,20220225,160741,10.5,2
20220225 160747,20220225,160747,10.0,1
20220225 160747,20220225,160747,10.0,1
20220225 160747,20220225,160747,10.0,1
20220225 160747,20220225,160747,10.0,1
20220225 160754,20220225,160754,10.0,20
20220225 160754,20220225,160754,10.0,6
20220225 160754,20220225,160754,10.0,14
20220225 160756,20220225,160756,10.0,8
20220225 160756,20220225,160756,10.0,6
20220225 160756,20220225,160756,10.0,2
20220225 160801,20220225,160801,9.9,1
20220225 160801,20220225,160801,9.9,1
20220225 160801,20220225,160801,9.9,4
20220225 160801,20220225,160801,9.9,4
20220225 160801,20220225,160801,9.9,6
20220225 160801,20220225,160801,9.9,6
20220225 160801,20220225,160801,9.9,14
20220225 160801,20220225,160801,9.9,14
20220225 160821,20220225,160821,9.6,2
20220225 160821,20220225,160821,9.6,1
20220225 160821,20220225,160821,9.6,1
20220225 160827,20220225,160827,9.9,1
20220225 160827,20220225,160827,9.9,1
20220225 160845,20220225,160845,10.0,1
20220225 160845,20220225,160845,10.0,1
20220225 160901,20220225,160901,10.0,8
20220225 160901,20220225,160901,10.0,8
20220225 160901,20220225,160901,10.0,10
20220225 160901,20220225,160901,10.0,10
20220225 160901,20220225,160901,9.9,1
20220225 160901,20220225,160901,9.9,1
20220225 160934,20220225,160934,10.5,31
20220225 160934,20220225,160934,10.5,31
20220225 160934,20220225,160934,10.5,11
20220225 160934,20220225,160934,10.5,11
20220225 161014,20220225,161014,10.0,41
20220225 161014,20220225,161014,10.0,28
20220225 161014,20220225,161014,10.0,13
20220225 161016,20220225,161016,11.0,1
20220225 161016,20220225,161016,11.0,1
20220225 161017,20220225,161017,10.0,4
20220225 161017,20220225,161017,10.0,2
20220225 161017,20220225,161017,10.0,1
20220225 161017,20220225,161017,10.0,1
20220225 161050,20220225,161050,10.0,1
20220225 161050,20220225,161050,10.0,1
20220225 161050,20220225,161050,10.0,1
20220225 161050,20220225,161050,10.0,1
20220225 161052,20220225,161052,10.0,1
20220225 161052,20220225,161052,10.0,1
20220225 161109,20220225,161109,10.0,1
20220225 161109,20220225,161109,10.0,1
20220225 161118,20220225,161118,10.0,1
20220225 161118,20220225,161118,10.0,1
20220225 161120,20220225,161120,10.0,20
20220225 161120,20220225,161120,10.0,1
20220225 161120,20220225,161120,10.0,10
20220225 161120,20220225,161120,10.0,5
20220225 161120,20220225,161120,10.0,4
20220225 161120,20220225,161120,10.0,1
20220225 161120,20220225,161120,10.0,1
20220225 161134,20220225,161134,9.9,1
20220225 161134,20220225,161134,9.9,1
20220225 161144,20220225,161144,9.7,3
20220225 161144,20220225,161144,9.7,3
20220225 161147,20220225,161147,10.0,1
20220225 161147,20220225,161147,10.0,1
20220225 161158,20220225,161158,10.0,1
20220225 161158,20220225,161158,10.0,1
20220225 161203,20220225,161203,10.0,1
20220225 161203,20220225,161203,10.0,1
20220225 161209,20220225,161209,9.9,3
20220225 161209,20220225,161209,9.9,3
20220225 161238,20220225,161238,9.8,15
20220225 161238,20220225,161238,9.8,10
20220225 161238,20220225,161238,9.8,5
20220225 161309,20220225,161309,10.5,2
20220225 161309,20220225,161309,10.5,2
20220225 161315,20220225,161315,10.0,5
20220225 161315,20220225,161315,10.0,5
20220225 161329,20220225,161329,10.0,2
20220225 161329,20220225,161329,10.0,1
20220225 161329,20220225,161329,10.0,1
20220225 161410,20220225,161410,10.5,10
20220225 161410,20220225,161410,10.5,10
20220225 161455,20220225,161455,10.5,1
20220225 161455,20220225,161455,10.5,1
20220225 161512,20220225,161512,10.5,2
20220225 161512,20220225,161512,10.5,2
20220225 161528,20220225,161528,10.0,1
20220225 161528,20220225,161528,10.0,1
20220225 161539,20220225,161539,10.5,2
20220225 161539,20220225,161539,10.5,2
20220225 161542,20220225,161542,10.0,1
20220225 161542,20220225,161542,10.0,1
20220225 161542,20220225,161542,10.0,2
20220225 161542,20220225,161542,10.0,2
20220225 161542,20220225,161542,10.0,3
20220225 161542,20220225,161542,10.0,3
20220225 161545,20220225,161545,9.9,1
20220225 161545,20220225,161545,9.9,1
20220225 161550,20220225,161550,10.0,1
20220225 161550,20220225,161550,10.0,1
20220225 161556,20220225,161556,10.0,1
20220225 161556,20220225,161556,10.0,1
20220225 161557,20220225,161557,10.5,1
20220225 161557,20220225,161557,10.5,1
20220225 161557,20220225,161557,10.0,10
20220225 161557,20220225,161557,10.0,10
20220225 161600,20220225,161600,10.5,15
20220225 161600,20220225,161600,10.5,15
20220225 161600,20220225,161600,10.5,5
20220225 161600,20220225,161600,10.5,5
20220225 161601,20220225,161601,10.0,1
20220225 161601,20220225,161601,10.0,1
20220225 161608,20220225,161608,9.8,20
20220225 161608,20220225,161608,9.8,20
20220225 161615,20220225,161615,10.0,2
20220225 161615,20220225,161615,10.0,2
20220225 161624,20220225,161624,10.0,10
20220225 161624,20220225,161624,10.0,10
20220225 161639,20220225,161639,10.0,3
20220225 161639,20220225,161639,10.0,1
20220225 161639,20220225,161639,10.0,2
20220225 161645,20220225,161645,10.0,2
20220225 161645,20220225,161645,10.0,2
20220225 161736,20220225,161736,10.0,1
20220225 161736,20220225,161736,10.0,1
20220225 161824,20220225,161824,10.0,3
20220225 161824,20220225,161824,10.0,3
20220225 161849,20220225,161849,10.5,1
20220225 161849,20220225,161849,10.5,1
20220225 161855,20220225,161855,10.5,1
20220225 161855,20220225,161855,10.5,1
20220225 161901,20220225,161901,10.5,9
20220225 161901,20220225,161901,10.5,9
20220225 161904,20220225,161904,11.0,1
20220225 161904,20220225,161904,11.0,1
20220225 161910,20220225,161910,10.5,1
20220225 161910,20220225,161910,10.5,1
20220225 161927,20220225,161927,10.0,6
20220225 161927,20220225,161927,10.0,6
20220225 161929,20220225,161929,10.0,1
20220225 161929,20220225,161929,10.0,1
20220225 161944,20220225,161944,10.0,31
20220225 161944,20220225,161944,10.0,2
20220225 161944,20220225,161944,10.0,28
20220225 161944,20220225,161944,10.0,1
20220225 161944,20220225,161944,10.0,10
20220225 161944,20220225,161944,10.0,10
20220225 161959,20220225,161959,10.5,12
20220225 161959,20220225,161959,10.5,2
20220225 161959,20220225,161959,10.5,10
20220225 162005,20220225,162005,10.5,2
20220225 162005,20220225,162005,10.5,2
20220225 162021,20220225,162021,10.5,1
20220225 162021,20220225,162021,10.5,1
20220225 162037,20220225,162037,10.0,2
20220225 162037,20220225,162037,10.0,1
20220225 162037,20220225,162037,10.0,1
20220225 162037,20220225,162037,10.0,2
20220225 162037,20220225,162037,10.0,1
20220225 162037,20220225,162037,10.0,1
20220225 162038,20220225,162038,10.0,1
20220225 162038,20220225,162038,10.0,1
20220225 162038,20220225,162038,10.0,2
20220225 162038,20220225,162038,10.0,1
20220225 162038,20220225,162038,10.0,1
20220225 162038,20220225,162038,10.0,2
20220225 162038,20220225,162038,10.0,1
20220225 162038,20220225,162038,10.0,1
20220225 162038,20220225,162038,10.0,2
20220225 162038,20220225,162038,10.0,1
20220225 162038,20220225,162038,10.0,1
20220225 162042,20220225,162042,10.0,2
20220225 162042,20220225,162042,10.0,1
20220225 162042,20220225,162042,10.0,1
20220225 162042,20220225,162042,10.0,2
20220225 162042,20220225,162042,10.0,2
20220225 162047,20220225,162047,10.5,1
20220225 162047,20220225,162047,10.5,1
20220225 162054,20220225,162054,10.5,1
20220225 162054,20220225,162054,10.5,1
20220225 162057,20220225,162057,10.5,1
20220225 162057,20220225,162057,10.5,1
20220225 162112,20220225,162112,10.5,1
20220225 162112,20220225,162112,10.5,1
20220225 162113,20220225,162113,10.0,1
20220225 162113,20220225,162113,10.0,1
20220225 162122,20220225,162122,9.8,1
20220225 162122,20220225,162122,9.8,1
20220225 162148,20220225,162148,10.0,1
20220225 162148,20220225,162148,10.0,1
20220225 162200,20220225,162200,10.0,5
20220225 162200,20220225,162200,10.0,5
20220225 162235,20220225,162235,10.5,2
20220225 162235,20220225,162235,10.5,2
20220225 162250,20220225,162250,11.0,1
20220225 162250,20220225,162250,11.0,1
20220225 162256,20220225,162256,11.0,1
20220225 162256,20220225,162256,11.0,1
20220225 162257,20220225,162257,11.0,1
20220225 162257,20220225,162257,11.0,1
20220225 162259,20220225,162259,11.0,1
20220225 162259,20220225,162259,11.0,1
20220225 162301,20220225,162301,11.0,1
20220225 162301,20220225,162301,11.0,1
20220225 162303,20220225,162303,11.0,1
20220225 162303,20220225,162303,11.0,1
20220225 162311,20220225,162311,11.0,24
20220225 162311,20220225,162311,11.0,10
20220225 162311,20220225,162311,11.0,1
20220225 162311,20220225,162311,11.0,13
20220225 162336,20220225,162336,10.5,3
20220225 162336,20220225,162336,10.5,1
20220225 162336,20220225,162336,10.5,1
20220225 162336,20220225,162336,10.5,1
20220225 162421,20220225,162421,10.5,25
20220225 162421,20220225,162421,10.5,7
20220225 162421,20220225,162421,10.5,2
20220225 162421,20220225,162421,10.5,16
20220225 162431,20220225,162431,10.0,3
20220225 162431,20220225,162431,10.0,1
20220225 162431,20220225,162431,10.0,1
20220225 162431,20220225,162431,10.0,1
20220225 162442,20220225,162442,10.5,1
20220225 162442,20220225,162442,10.5,1
20220225 162456,20220225,162456,10.5,1
20220225 162456,20220225,162456,10.5,1
20220225 162503,20220225,162503,10.5,1
20220225 162503,20220225,162503,10.5,1
20220225 162523,20220225,162523,10.5,1
20220225 162523,20220225,162523,10.5,1
20220225 162613,20220225,162613,10.5,2
20220225 162613,20220225,162613,10.5,1
20220225 162613,20220225,162613,10.5,1
20220225 162705,20220225,162705,10.5,3
20220225 162705,20220225,162705,10.5,1
20220225 162705,20220225,162705,10.5,1
20220225 162705,20220225,162705,10.5,1
20220225 162726,20220225,162726,10.5,3
20220225 162726,20220225,162726,10.5,3
20220225 162750,20220225,162750,10.5,40
20220225 162750,20220225,162750,10.5,28
20220225 162750,20220225,162750,10.5,12
20220225 162750,20220225,162750,10.5,10
20220225 162750,20220225,162750,10.5,10
20220225 162814,20220225,162814,10.5,10
20220225 162814,20220225,162814,10.5,10
20220225 162814,20220225,162814,10.5,10
20220225 162814,20220225,162814,10.5,10
20220225 163035,20220225,163035,10.5,4
20220225 163035,20220225,163035,10.5,3
20220225 163035,20220225,163035,10.5,1
20220225 163108,20220225,163108,10.5,1
20220225 163108,20220225,163108,10.5,1
20220225 163125,20220225,163125,11.0,2
20220225 163125,20220225,163125,11.0,2
20220225 163159,20220225,163159,11.0,1
20220225 163159,20220225,163159,11.0,1
20220225 163209,20220225,163209,11.0,10
20220225 163209,20220225,163209,11.0,1
20220225 163209,20220225,163209,11.0,9
20220225 163212,20220225,163212,11.0,2
20220225 163212,20220225,163212,11.0,2
20220225 163228,20220225,163228,11.0,28
20220225 163228,20220225,163228,11.0,3
20220225 163228,20220225,163228,11.0,23
20220225 163228,20220225,163228,11.0,2
20220225 163301,20220225,163301,11.0,1
20220225 163301,20220225,163301,11.0,1
20220225 163301,20220225,163301,11.0,1
20220225 163301,20220225,163301,11.0,1
20220225 163303,20220225,163303,11.0,11
20220225 163303,20220225,163303,11.0,11
20220225 163318,20220225,163318,11.5,2
20220225 163318,20220225,163318,11.5,1
20220225 163318,20220225,163318,11.5,1
20220225 163347,20220225,163347,11.0,3
20220225 163347,20220225,163347,11.0,3
20220225 163355,20220225,163355,11.5,1
20220225 163355,20220225,163355,11.5,1
20220225 163429,20220225,163429,11.0,3
20220225 163429,20220225,163429,11.0,3
20220225 163447,20220225,163447,11.5,2
20220225 163447,20220225,163447,11.5,1
20220225 163447,20220225,163447,11.5,1
20220225 163613,20220225,163613,11.0,15
20220225 163613,20220225,163613,11.0,5
20220225 163613,20220225,163613,11.0,6
20220225 163613,20220225,163613,11.0,4
20220225 163631,20220225,163631,11.0,3
20220225 163631,20220225,163631,11.0,3
20220225 163642,20220225,163642,11.0,1
20220225 163642,20220225,163642,11.0,1
20220225 163654,20220225,163654,11.0,1
20220225 163654,20220225,163654,11.0,1
20220225 163704,20220225,163704,10.5,1
20220225 163704,20220225,163704,10.5,1
20220225 163709,20220225,163709,11.0,1
20220225 163709,20220225,163709,11.0,1
20220225 163719,20220225,163719,10.5,2
20220225 163719,20220225,163719,10.5,2
20220225 163722,20220225,163722,10.5,1
20220225 163722,20220225,163722,10.5,1
20220225 163724,20220225,163724,11.0,2
20220225 163724,20220225,163724,11.0,1
20220225 163724,20220225,163724,11.0,1
20220225 163731,20220225,163731,10.5,1
20220225 163731,20220225,163731,10.5,1
20220225 163734,20220225,163734,11.0,1
20220225 163734,20220225,163734,11.0,1
20220225 163837,20220225,163837,11.0,12
20220225 163837,20220225,163837,11.0,10
20220225 163837,20220225,163837,11.0,2
20220225 163837,20220225,163837,11.0,8
20220225 163837,20220225,163837,11.0,8
20220225 163906,20220225,163906,11.0,1
20220225 163906,20220225,163906,11.0,1
20220225 164045,20220225,164045,11.0,1
20220225 164045,20220225,164045,11.0,1
20220225 164113,20220225,164113,11.0,1
20220225 164113,20220225,164113,11.0,1
20220225 164116,20220225,164116,11.0,5
20220225 164116,20220225,164116,11.0,5
20220225 164209,20220225,164209,11.0,1
20220225 164209,20220225,164209,11.0,1
20220225 164512,20220225,164512,11.0,1
20220225 164512,20220225,164512,11.0,1
20220225 164610,20220225,164610,10.5,20
20220225 164610,20220225,164610,10.5,20
20220225 164757,20220225,164757,10.5,2
20220225 164757,20220225,164757,10.5,2
20220225 164840,20220225,164840,10.5,38
20220225 164840,20220225,164840,10.5,8
20220225 164840,20220225,164840,10.5,2
20220225 164840,20220225,164840,10.5,28
20220225 164840,20220225,164840,10.5,44
20220225 164840,20220225,164840,10.5,44
20220225 164840,20220225,164840,10.5,18
20220225 164840,20220225,164840,10.5,18
20220225 164841,20220225,164841,10.5,1
20220225 164841,20220225,164841,10.5,1
20220225 164855,20220225,164855,10.5,4
20220225 164855,20220225,164855,10.5,4
20220225 164855,20220225,164855,11.0,1
20220225 164855,20220225,164855,11.0,1
20220225 165013,20220225,165013,11.0,1
20220225 165013,20220225,165013,11.0,1
20220225 165029,20220225,165029,11.0,2
20220225 165029,20220225,165029,11.0,2
20220225 165036,20220225,165036,11.0,1
20220225 165036,20220225,165036,11.0,1
20220225 165226,20220225,165226,10.5,3
20220225 165226,20220225,165226,10.5,3
20220225 165320,20220225,165320,10.5,3
20220225 165320,20220225,165320,10.5,3
20220225 165343,20220225,165343,11.0,2
20220225 165343,20220225,165343,11.0,1
20220225 165343,20220225,165343,11.0,1
20220225 165451,20220225,165451,10.0,1
20220225 165451,20220225,165451,10.0,1
20220225 165451,20220225,165451,10.0,1
20220225 165451,20220225,165451,10.0,1
20220225 165451,20220225,165451,10.0,2
20220225 165451,20220225,165451,10.0,6
20220225 165538,20220225,165538,10.5,1
20220225 165538,20220225,165538,10.5,1
20220225 165546,20220225,165546,10.5,1
20220225 165546,20220225,165546,10.5,1
20220225 165554,20220225,165554,10.5,2
20220225 165554,20220225,165554,10.5,2
20220225 165615,20220225,165615,10.5,2
20220225 165615,20220225,165615,10.5,2
20220225 165638,20220225,165638,10.5,1
20220225 165638,20220225,165638,10.5,1
20220225 165722,20220225,165722,10.5,1
20220225 165722,20220225,165722,10.5,1
20220225 165811,20220225,165811,10.5,2
20220225 165811,20220225,165811,10.5,1
20220225 165811,20220225,165811,10.5,1
20220225 165908,20220225,165908,10.5,1
20220225 165908,20220225,165908,10.5,1
20220225 165949,20220225,165949,10.0,10
20220225 165949,20220225,165949,10.0,2
20220225 165949,20220225,165949,10.0,8
20220225 170007,20220225,170007,10.5,23
20220225 170007,20220225,170007,10.5,3
20220225 170007,20220225,170007,10.5,5
20220225 170007,20220225,170007,10.5,5
20220225 170007,20220225,170007,10.5,5
20220225 170007,20220225,170007,10.5,5
20220225 170130,20220225,170130,10.5,1
20220225 170130,20220225,170130,10.5,1
20220225 170151,20220225,170151,10.0,2
20220225 170151,20220225,170151,10.0,2
20220225 170237,20220225,170237,10.5,10
20220225 170237,20220225,170237,10.5,10
20220225 170404,20220225,170404,10.0,1
20220225 170404,20220225,170404,10.0,1
20220225 170515,20220225,170515,10.5,2
20220225 170515,20220225,170515,10.5,2
20220225 170603,20220225,170603,10.5,2
20220225 170603,20220225,170603,10.5,2
20220225 170652,20220225,170652,10.0,7
20220225 170652,20220225,170652,10.0,4
20220225 170652,20220225,170652,10.0,2
20220225 170652,20220225,170652,10.0,1
20220225 170723,20220225,170723,10.0,1
20220225 170723,20220225,170723,10.0,1
20220225 170738,20220225,170738,10.0,1
20220225 170738,20220225,170738,10.0,1
20220225 170750,20220225,170750,10.0,2
20220225 170750,20220225,170750,10.0,2
20220225 170848,20220225,170848,10.0,10
20220225 170848,20220225,170848,10.0,10
20220225 170853,20220225,170853,10.0,5
20220225 170853,20220225,170853,10.0,5
20220225 170905,20220225,170905,10.0,3
20220225 170905,20220225,170905,10.0,2
20220225 170905,20220225,170905,10.0,1
20220225 170934,20220225,170934,10.0,1
20220225 170934,20220225,170934,10.0,1
20220225 170953,20220225,170953,10.0,1
20220225 170953,20220225,170953,10.0,1
20220225 171029,20220225,171029,10.0,2
20220225 171029,20220225,171029,10.0,2
20220225 171110,20220225,171110,10.0,1
20220225 171110,20220225,171110,10.0,1
20220225 171128,20220225,171128,10.0,1
20220225 171128,20220225,171128,10.0,1
20220225 171240,20220225,171240,10.0,4
20220225 171240,20220225,171240,10.0,4
20220225 171342,20220225,171342,10.5,2
20220225 171342,20220225,171342,10.5,1
20220225 171342,20220225,171342,10.5,1
20220225 171354,20220225,171354,10.5,4
20220225 171354,20220225,171354,10.5,4
20220225 171444,20220225,171444,10.5,7
20220225 171444,20220225,171444,10.5,6
20220225 171444,20220225,171444,10.5,1
20220225 171453,20220225,171453,11.0,1
20220225 171453,20220225,171453,11.0,1
20220225 171734,20220225,171734,11.0,1
20220225 171734,20220225,171734,11.0,1
20220225 171803,20220225,171803,10.5,1
20220225 171803,20220225,171803,10.5,1
20220225 171807,20220225,171807,10.5,1
20220225 171807,20220225,171807,10.5,1
20220225 171809,20220225,171809,10.5,1
20220225 171809,20220225,171809,10.5,1
20220225 171837,20220225,171837,10.5,1
20220225 171837,20220225,171837,10.5,1
20220225 172352,20220225,172352,10.5,4
20220225 172352,20220225,172352,10.5,4
20220225 172401,20220225,172401,10.0,1
20220225 172401,20220225,172401,10.0,1
20220225 172519,20220225,172519,10.5,1
20220225 172519,20220225,172519,10.5,1
20220225 172737,20220225,172737,10.5,2
20220225 172737,20220225,172737,10.5,2
20220225 172812,20220225,172812,10.5,2
20220225 172812,20220225,172812,10.5,2
20220225 172835,20220225,172835,10.5,1
20220225 172835,20220225,172835,10.5,1
20220225 172839,20220225,172839,10.5,1
20220225 172839,20220225,172839,10.5,1
20220225 172854,20220225,172854,10.5,1
20220225 172854,20220225,172854,10.5,1
20220225 172913,20220225,172913,10.0,3
20220225 172913,20220225,172913,10.0,3
20220225 172952,20220225,172952,11.0,2
20220225 172952,20220225,172952,11.0,1
20220225 172952,20220225,172952,11.0,1
20220225 173031,20220225,173031,10.0,1
20220225 173031,20220225,173031,10.0,1
20220225 173047,20220225,173047,10.0,1
20220225 173047,20220225,173047,10.0,1
20220225 173205,20220225,173205,10.5,8
20220225 173205,20220225,173205,10.5,8
20220225 173207,20220225,173207,10.5,2
20220225 173207,20220225,173207,10.5,2
20220225 173318,20220225,173318,10.5,4
20220225 173318,20220225,173318,10.5,4
20220225 173357,20220225,173357,10.5,14
20220225 173357,20220225,173357,10.5,1
20220225 173357,20220225,173357,10.5,2
20220225 173357,20220225,173357,10.5,10
20220225 173357,20220225,173357,10.5,1
20220225 173357,20220225,173357,10.5,6
20220225 173357,20220225,173357,10.5,6
20220225 173358,20220225,173358,10.5,2
20220225 173358,20220225,173358,10.5,2
20220225 173506,20220225,173506,11.0,20
20220225 173506,20220225,173506,11.0,2
20220225 173506,20220225,173506,11.0,1
20220225 173506,20220225,173506,11.0,1
20220225 173506,20220225,173506,11.0,1
20220225 173506,20220225,173506,11.0,1
20220225 173506,20220225,173506,11.0,1
20220225 173506,20220225,173506,11.0,1
20220225 173506,20220225,173506,11.0,1
20220225 173506,20220225,173506,11.0,11
20220225 173523,20220225,173523,11.0,1
20220225 173523,20220225,173523,11.0,1
20220225 173945,20220225,173945,11.0,1
20220225 173945,20220225,173945,11.0,1
20220225 174010,20220225,174010,11.0,1
20220225 174010,20220225,174010,11.0,1
20220225 174159,20220225,174159,11.0,20
20220225 174159,20220225,174159,11.0,20
20220225 174338,20220225,174338,11.0,3
20220225 174338,20220225,174338,11.0,3
20220225 174419,20220225,174419,11.0,2
20220225 174419,20220225,174419,11.0,2
20220225 174458,20220225,174458,11.0,20
20220225 174458,20220225,174458,11.0,11
20220225 174458,20220225,174458,11.0,9
20220225 174508,20220225,174508,11.0,20
20220225 174508,20220225,174508,11.0,1
20220225 174508,20220225,174508,11.0,1
20220225 174508,20220225,174508,11.0,1
20220225 174508,20220225,174508,11.0,1
20220225 174508,20220225,174508,11.0,1
20220225 174508,20220225,174508,11.0,15
20220225 174515,20220225,174515,11.0,16
20220225 174515,20220225,174515,11.0,15
20220225 174515,20220225,174515,11.0,1
20220225 174605,20220225,174605,11.5,12
20220225 174605,20220225,174605,11.5,1
20220225 174605,20220225,174605,11.5,1
20220225 174605,20220225,174605,11.5,10
20220225 174745,20220225,174745,11.5,1
20220225 174745,20220225,174745,11.5,1
20220225 174758,20220225,174758,11.0,40
20220225 174758,20220225,174758,11.0,39
20220225 174758,20220225,174758,11.0,1
20220225 174758,20220225,174758,11.0,1
20220225 174758,20220225,174758,11.0,1
20220225 174758,20220225,174758,11.0,9
20220225 174758,20220225,174758,11.0,9
20220225 174810,20220225,174810,11.5,10
20220225 174810,20220225,174810,11.5,10
20220225 175038,20220225,175038,11.5,1
20220225 175038,20220225,175038,11.5,1
20220225 175300,20220225,175300,11.5,1
20220225 175300,20220225,175300,11.5,1
20220225 175348,20220225,175348,11.5,3
20220225 175348,20220225,175348,11.5,3
20220225 175352,20220225,175352,11.0,2
20220225 175352,20220225,175352,11.0,2
20220225 175425,20220225,175425,11.5,1
20220225 175425,20220225,175425,11.5,1
20220225 175507,20220225,175507,11.5,6
20220225 175507,20220225,175507,11.5,6
20220225 175526,20220225,175526,11.5,13
20220225 175526,20220225,175526,11.5,13
20220225 175552,20220225,175552,12.0,11
20220225 175552,20220225,175552,12.0,10
20220225 175552,20220225,175552,12.0,1
20220225 175610,20220225,175610,12.0,10
20220225 175610,20220225,175610,12.0,9
20220225 175610,20220225,175610,12.0,1
20220225 175617,20220225,175617,12.5,2
20220225 175617,20220225,175617,12.5,2
20220225 175635,20220225,175635,11.5,1
20220225 175635,20220225,175635,11.5,1
20220225 175642,20220225,175642,12.0,1
20220225 175642,20220225,175642,12.0,1
20220225 175717,20220225,175717,11.0,7
20220225 175717,20220225,175717,11.0,2
20220225 175717,20220225,175717,11.0,5
20220225 175905,20220225,175905,12.0,1
20220225 175905,20220225,175905,12.0,1
20220225 180012,20220225,180012,12.0,2
20220225 180012,20220225,180012,12.0,2
20220225 180112,20220225,180112,11.5,1
20220225 180112,20220225,180112,11.5,1
20220225 180112,20220225,180112,11.5,1
20220225 180112,20220225,180112,11.5,1
20220225 180306,20220225,180306,12.0,5
20220225 180306,20220225,180306,12.0,2
20220225 180306,20220225,180306,12.0,1
20220225 180306,20220225,180306,12.0,2
20220225 180325,20220225,180325,12.0,1
20220225 180325,20220225,180325,12.0,1
20220225 180433,20220225,180433,12.0,1
20220225 180433,20220225,180433,12.0,1
20220225 180509,20220225,180509,12.0,1
20220225 180509,20220225,180509,12.0,1
20220225 180554,20220225,180554,12.0,1
20220225 180554,20220225,180554,12.0,1
20220225 180608,20220225,180608,12.0,1
20220225 180608,20220225,180608,12.0,1
20220225 180645,20220225,180645,12.0,2
20220225 180645,20220225,180645,12.0,2
20220225 180812,20220225,180812,12.0,2
20220225 180812,20220225,180812,12.0,2
20220225 180840,20220225,180840,12.0,1
20220225 180840,20220225,180840,12.0,1
20220225 180931,20220225,180931,12.0,1
20220225 180931,20220225,180931,12.0,1
20220225 181153,20220225,181153,11.5,3
20220225 181153,20220225,181153,11.5,1
20220225 181153,20220225,181153,11.5,2
20220225 181203,20220225,181203,11.0,4
20220225 181203,20220225,181203,11.0,1
20220225 181203,20220225,181203,11.0,2
20220225 181203,20220225,181203,11.0,1
20220225 181215,20220225,181215,11.0,1
20220225 181215,20220225,181215,11.0,1
20220225 181253,20220225,181253,11.0,1
20220225 181253,20220225,181253,11.0,1
20220225 181255,20220225,181255,10.5,5
20220225 181255,20220225,181255,10.5,2
20220225 181255,20220225,181255,10.5,3
20220225 181322,20220225,181322,11.0,2
20220225 181322,20220225,181322,11.0,2
20220225 181510,20220225,181510,11.0,1
20220225 181510,20220225,181510,11.0,1
20220225 181623,20220225,181623,11.0,1
20220225 181623,20220225,181623,11.0,1
20220225 181650,20220225,181650,11.5,3
20220225 181650,20220225,181650,11.5,3
20220225 181757,20220225,181757,11.0,5
20220225 181757,20220225,181757,11.0,5
20220225 181802,20220225,181802,11.0,5
20220225 181802,20220225,181802,11.0,5
20220225 181815,20220225,181815,11.0,9
20220225 181815,20220225,181815,11.0,8
20220225 181815,20220225,181815,11.0,1
20220225 181845,20220225,181845,11.0,1
20220225 181845,20220225,181845,11.0,1
20220225 181857,20220225,181857,11.0,3
20220225 181857,20220225,181857,11.0,3
20220225 181859,20220225,181859,11.0,7
20220225 181859,20220225,181859,11.0,7
20220225 181912,20220225,181912,11.5,3
20220225 181912,20220225,181912,11.5,3
20220225 181947,20220225,181947,11.5,5
20220225 181947,20220225,181947,11.5,1
20220225 181947,20220225,181947,11.5,4
20220225 182052,20220225,182052,11.5,5
20220225 182052,20220225,182052,11.5,5
20220225 182141,20220225,182141,11.0,1
20220225 182141,20220225,182141,11.0,1
20220225 182207,20220225,182207,11.0,1
20220225 182207,20220225,182207,11.0,1
20220225 182211,20220225,182211,11.0,9
20220225 182211,20220225,182211,11.0,8
20220225 182211,20220225,182211,11.0,1
20220225 182416,20220225,182416,11.5,1
20220225 182416,20220225,182416,11.5,1
20220225 182447,20220225,182447,11.5,1
20220225 182447,20220225,182447,11.5,1
20220225 182659,20220225,182659,11.5,13
20220225 182659,20220225,182659,11.5,12
20220225 182659,20220225,182659,11.5,1
20220225 182709,20220225,182709,11.0,1
20220225 182709,20220225,182709,11.0,1
20220225 182719,20220225,182719,11.0,10
20220225 182719,20220225,182719,11.0,9
20220225 182719,20220225,182719,11.0,1
20220225 182736,20220225,182736,10.5,1
20220225 182736,20220225,182736,10.5,1
20220225 182856,20220225,182856,11.0,1
20220225 182856,20220225,182856,11.0,1
20220225 182934,20220225,182934,11.0,10
20220225 182934,20220225,182934,11.0,9
20220225 182934,20220225,182934,11.0,1
20220225 183034,20220225,183034,11.0,1
20220225 183034,20220225,183034,11.0,1
20220225 183122,20220225,183122,11.0,1
20220225 183122,20220225,183122,11.0,1
20220225 183126,20220225,183126,11.0,1
20220225 183126,20220225,183126,11.0,1
20220225 183339,20220225,183339,11.0,1
20220225 183339,20220225,183339,11.0,1
20220225 183536,20220225,183536,11.5,1
20220225 183536,20220225,183536,11.5,1
20220225 183636,20220225,183636,11.5,1
20220225 183636,20220225,183636,11.5,1
20220225 183638,20220225,183638,11.5,1
20220225 183638,20220225,183638,11.5,1
20220225 183840,20220225,183840,11.5,1
20220225 183840,20220225,183840,11.5,1
20220225 183915,20220225,183915,11.5,2
20220225 183915,20220225,183915,11.5,2
20220225 184039,20220225,184039,11.5,1
20220225 184039,20220225,184039,11.5,1
20220225 184043,20220225,184043,11.5,1
20220225 184043,20220225,184043,11.5,1
20220225 184133,20220225,184133,11.5,1
20220225 184133,20220225,184133,11.5,1
20220225 184152,20220225,184152,11.0,1
20220225 184152,20220225,184152,11.0,1
20220225 184212,20220225,184212,11.0,1
20220225 184212,20220225,184212,11.0,1
20220225 184320,20220225,184320,11.0,1
20220225 184320,20220225,184320,11.0,1
20220225 184341,20220225,184341,11.0,2
20220225 184341,20220225,184341,11.0,2
20220225 184422,20220225,184422,10.5,10
20220225 184422,20220225,184422,10.5,3
20220225 184422,20220225,184422,10.5,1
20220225 184422,20220225,184422,10.5,1
20220225 184422,20220225,184422,10.5,2
20220225 184422,20220225,184422,10.5,3
20220225 184434,20220225,184434,10.5,3
20220225 184434,20220225,184434,10.5,3
20220225 184724,20220225,184724,10.5,2
20220225 184724,20220225,184724,10.5,2
20220225 184803,20220225,184803,10.0,1
20220225 184803,20220225,184803,10.0,1
20220225 184900,20220225,184900,10.0,39
20220225 184900,20220225,184900,10.0,1
20220225 184900,20220225,184900,10.0,1
20220225 184900,20220225,184900,10.0,2
20220225 184900,20220225,184900,10.0,2
20220225 184900,20220225,184900,10.0,1
20220225 184900,20220225,184900,10.0,1
20220225 184900,20220225,184900,10.0,10
20220225 184900,20220225,184900,10.0,3
20220225 184900,20220225,184900,10.0,5
20220225 184900,20220225,184900,10.0,2
20220225 184900,20220225,184900,10.0,10
20220225 184900,20220225,184900,10.0,1
20220225 184900,20220225,184900,10.0,1
20220225 184900,20220225,184900,10.0,1
20220225 184920,20220225,184920,10.0,1
20220225 184920,20220225,184920,10.0,1
20220225 185152,20220225,185152,10.5,2
20220225 185152,20220225,185152,10.5,2
20220225 185155,20220225,185155,10.5,10
20220225 185155,20220225,185155,10.5,9
20220225 185155,20220225,185155,10.5,1
20220225 185451,20220225,185451,11.5,1
20220225 185451,20220225,185451,11.5,1
20220225 185629,20220225,185629,11.5,1
20220225 185629,20220225,185629,11.5,1
20220225 190216,20220225,190216,11.5,2
20220225 190216,20220225,190216,11.5,1
20220225 190216,20220225,190216,11.5,1
20220225 190317,20220225,190317,11.0,1
20220225 190317,20220225,190317,11.0,1
20220225 190351,20220225,190351,11.0,12
20220225 190351,20220225,190351,11.0,12
20220225 190434,20220225,190434,11.0,13
20220225 190434,20220225,190434,11.0,13
20220225 190508,20220225,190508,11.0,2
20220225 190508,20220225,190508,11.0,2
20220225 190531,20220225,190531,10.5,3
20220225 190531,20220225,190531,10.5,3
20220225 190605,20220225,190605,10.5,1
20220225 190605,20220225,190605,10.5,1
20220225 190624,20220225,190624,10.5,2
20220225 190624,20220225,190624,10.5,2
20220225 191050,20220225,191050,10.5,1
20220225 191050,20220225,191050,10.5,1
20220225 191207,20220225,191207,11.0,11
20220225 191207,20220225,191207,11.0,11
20220225 191218,20220225,191218,11.0,11
20220225 191218,20220225,191218,11.0,2
20220225 191218,20220225,191218,11.0,9
20220225 191232,20220225,191232,11.0,4
20220225 191232,20220225,191232,11.0,4
20220225 191248,20220225,191248,11.0,6
20220225 191248,20220225,191248,11.0,6
20220225 191737,20220225,191737,11.0,2
20220225 191737,20220225,191737,11.0,2
20220225 192420,20220225,192420,10.5,2
20220225 192420,20220225,192420,10.5,2
20220225 192446,20220225,192446,11.0,1
20220225 192446,20220225,192446,11.0,1
20220225 192459,20220225,192459,11.0,1
20220225 192459,20220225,192459,11.0,1
20220225 192459,20220225,192459,11.0,1
20220225 192459,20220225,192459,11.0,1
20220225 192513,20220225,192513,11.0,2
20220225 192513,20220225,192513,11.0,2
20220225 192548,20220225,192548,11.5,1
20220225 192548,20220225,192548,11.5,1
20220225 192837,20220225,192837,11.5,1
20220225 192837,20220225,192837,11.5,1
20220225 192902,20220225,192902,11.5,10
20220225 192902,20220225,192902,11.5,1
20220225 192902,20220225,192902,11.5,6
20220225 192902,20220225,192902,11.5,3
20220225 192903,20220225,192903,11.5,1
20220225 192903,20220225,192903,11.5,1
20220225 192921,20220225,192921,11.5,1
20220225 192921,20220225,192921,11.5,1
20220225 192956,20220225,192956,11.5,1
20220225 192956,20220225,192956,11.5,1
20220225 193033,20220225,193033,11.5,5
20220225 193033,20220225,193033,11.5,5
20220225 193106,20220225,193106,11.5,1
20220225 193106,20220225,193106,11.5,1
20220225 193232,20220225,193232,11.5,1
20220225 193232,20220225,193232,11.5,1
20220225 193429,20220225,193429,11.5,1
20220225 193429,20220225,193429,11.5,1
20220225 193507,20220225,193507,11.5,1
20220225 193507,20220225,193507,11.5,1
20220225 193554,20220225,193554,11.5,1
20220225 193554,20220225,193554,11.5,1
20220225 193645,20220225,193645,11.0,2
20220225 193645,20220225,193645,11.0,1
20220225 193645,20220225,193645,11.0,1
20220225 193839,20220225,193839,11.5,2
20220225 193839,20220225,193839,11.5,2
20220225 193901,20220225,193901,11.5,2
20220225 193901,20220225,193901,11.5,2
20220225 193908,20220225,193908,11.5,1
20220225 193908,20220225,193908,11.5,1
20220225 193943,20220225,193943,11.5,2
20220225 193943,20220225,193943,11.5,2
20220225 193949,20220225,193949,11.5,1
20220225 193949,20220225,193949,11.5,1
20220225 193953,20220225,193953,11.5,1
20220225 193953,20220225,193953,11.5,1
20220225 193954,20220225,193954,11.5,1
20220225 193954,20220225,193954,11.5,1
20220225 194030,20220225,194030,11.5,1
20220225 194030,20220225,194030,11.5,1
20220225 194052,20220225,194052,11.5,4
20220225 194052,20220225,194052,11.5,4
20220225 194055,20220225,194055,11.5,5
20220225 194055,20220225,194055,11.5,5
20220225 194056,20220225,194056,11.5,1
20220225 194056,20220225,194056,11.5,1
20220225 194105,20220225,194105,11.5,2
20220225 194105,20220225,194105,11.5,2
20220225 194124,20220225,194124,11.5,1
20220225 194124,20220225,194124,11.5,1
20220225 194138,20220225,194138,11.5,1
20220225 194138,20220225,194138,11.5,1
20220225 194139,20220225,194139,11.5,1
20220225 194139,20220225,194139,11.5,1
20220225 194231,20220225,194231,11.5,1
20220225 194231,20220225,194231,11.5,1
20220225 194301,20220225,194301,12.0,5
20220225 194301,20220225,194301,12.0,1
20220225 194301,20220225,194301,12.0,1
20220225 194301,20220225,194301,12.0,3
20220225 194346,20220225,194346,12.0,1
20220225 194346,20220225,194346,12.0,1
20220225 194438,20220225,194438,11.5,3
20220225 194438,20220225,194438,11.5,1
20220225 194438,20220225,194438,11.5,1
20220225 194438,20220225,194438,11.5,1
20220225 194510,20220225,194510,11.0,14
20220225 194510,20220225,194510,11.0,1
20220225 194510,20220225,194510,11.0,1
20220225 194510,20220225,194510,11.0,2
20220225 194510,20220225,194510,11.0,10
20220225 194557,20220225,194557,11.0,1
20220225 194557,20220225,194557,11.0,1
20220225 194647,20220225,194647,11.5,1
20220225 194647,20220225,194647,11.5,1
20220225 194658,20220225,194658,11.5,1
20220225 194658,20220225,194658,11.5,1
20220225 194721,20220225,194721,11.5,1
20220225 194721,20220225,194721,11.5,1
20220225 194752,20220225,194752,12.0,1
20220225 194752,20220225,194752,12.0,1
20220225 194813,20220225,194813,12.0,4
20220225 194813,20220225,194813,12.0,2
20220225 194813,20220225,194813,12.0,2
20220225 194928,20220225,194928,12.0,1
20220225 194928,20220225,194928,12.0,1
20220225 194953,20220225,194953,12.0,2
20220225 194953,20220225,194953,12.0,2
20220225 195053,20220225,195053,12.0,18
20220225 195053,20220225,195053,12.0,17
20220225 195053,20220225,195053,12.0,1
20220225 195420,20220225,195420,12.0,8
20220225 195420,20220225,195420,12.0,2
20220225 195420,20220225,195420,12.0,5
20220225 195420,20220225,195420,12.0,1
20220225 195420,20220225,195420,12.5,8
20220225 195420,20220225,195420,12.5,1
20220225 195420,20220225,195420,12.5,1
20220225 195420,20220225,195420,12.5,10
20220225 195420,20220225,195420,12.5,5
20220225 195420,20220225,195420,12.5,5
20220225 195515,20220225,195515,12.5,6
20220225 195515,20220225,195515,12.5,6
20220225 195559,20220225,195559,12.5,20
20220225 195559,20220225,195559,12.5,20
20220225 195757,20220225,195757,13.0,1
20220225 195757,20220225,195757,13.0,1
20220225 195822,20220225,195822,13.0,20
20220225 195822,20220225,195822,13.0,12
20220225 195822,20220225,195822,13.0,8
20220225 195833,20220225,195833,13.0,1
20220225 195833,20220225,195833,13.0,1
20220225 195851,20220225,195851,13.0,1
20220225 195851,20220225,195851,13.0,1
20220225 195942,20220225,195942,13.0,1
20220225 195942,20220225,195942,13.0,1
20220225 200209,20220225,200209,13.0,1
20220225 200209,20220225,200209,13.0,1
20220225 200245,20220225,200245,12.5,1
20220225 200245,20220225,200245,12.5,1
20220225 200329,20220225,200329,13.0,1
20220225 200329,20220225,200329,13.0,1
20220225 200415,20220225,200415,13.0,2
20220225 200415,20220225,200415,13.0,2
20220225 200535,20220225,200535,13.0,8
20220225 200535,20220225,200535,13.0,7
20220225 200535,20220225,200535,13.0,1
20220225 200648,20220225,200648,13.0,2
20220225 200648,20220225,200648,13.0,1
20220225 200648,20220225,200648,13.0,3
20220225 200742,20220225,200742,13.0,1
20220225 200742,20220225,200742,13.0,1
20220225 200809,20220225,200809,13.0,1
20220225 200809,20220225,200809,13.0,1
20220225 200838,20220225,200838,13.0,1
20220225 200838,20220225,200838,13.0,1
20220225 200913,20220225,200913,13.5,1
20220225 200913,20220225,200913,13.5,1
20220225 200915,20220225,200915,13.5,1
20220225 200915,20220225,200915,13.5,1
20220225 200921,20220225,200921,13.5,1
20220225 200921,20220225,200921,13.5,1
20220225 200926,20220225,200926,13.5,1
20220225 200926,20220225,200926,13.5,1
20220225 200933,20220225,200933,13.5,1
20220225 200933,20220225,200933,13.5,1
20220225 200941,20220225,200941,13.0,1
20220225 200941,20220225,200941,13.0,1
20220225 201030,20220225,201030,13.5,2
20220225 201030,20220225,201030,13.5,1
20220225 201030,20220225,201030,13.5,1
20220225 201146,20220225,201146,13.5,2
20220225 201146,20220225,201146,13.5,2
20220225 201204,20220225,201204,13.5,1
20220225 201204,20220225,201204,13.5,1
20220225 201233,20220225,201233,13.5,1
20220225 201233,20220225,201233,13.5,1
20220225 201313,20220225,201313,13.5,2
20220225 201313,20220225,201313,13.5,2
20220225 201343,20220225,201343,13.5,1
20220225 201343,20220225,201343,13.5,1
20220225 201427,20220225,201427,13.5,1
20220225 201427,20220225,201427,13.5,1
20220225 201427,20220225,201427,13.5,1
20220225 201427,20220225,201427,13.5,1
20220225 201427,20220225,201427,13.5,1
20220225 201427,20220225,201427,13.5,1
20220225 201435,20220225,201435,13.0,2
20220225 201435,20220225,201435,13.0,1
20220225 201435,20220225,201435,13.0,1
20220225 201507,20220225,201507,14.0,4
20220225 201507,20220225,201507,14.0,1
20220225 201507,20220225,201507,14.0,3
20220225 201524,20220225,201524,14.0,1
20220225 201524,20220225,201524,14.0,1
20220225 201530,20220225,201530,14.0,31
20220225 201530,20220225,201530,14.0,26
20220225 201530,20220225,201530,14.0,1
20220225 201530,20220225,201530,14.0,2
20220225 201530,20220225,201530,14.0,1
20220225 201530,20220225,201530,14.0,1
20220225 201549,20220225,201549,14.5,7
20220225 201549,20220225,201549,14.5,5
20220225 201549,20220225,201549,14.5,1
20220225 201549,20220225,201549,14.5,1
20220225 201612,20220225,201612,14.5,1
20220225 201612,20220225,201612,14.5,1
20220225 201614,20220225,201614,14.5,3
20220225 201614,20220225,201614,14.5,1
20220225 201614,20220225,201614,14.5,1
20220225 201614,20220225,201614,14.5,5
20220225 201639,20220225,201639,14.5,1
20220225 201639,20220225,201639,14.5,1
20220225 201651,20220225,201651,14.5,2
20220225 201651,20220225,201651,14.5,2
20220225 201651,20220225,201651,14.5,1
20220225 201651,20220225,201651,14.5,1
20220225 201659,20220225,201659,14.5,10
20220225 201659,20220225,201659,14.5,7
20220225 201659,20220225,201659,14.5,3
20220225 201703,20220225,201703,14.5,1
20220225 201703,20220225,201703,14.5,1
20220225 201717,20220225,201717,14.5,1
20220225 201717,20220225,201717,14.5,1
20220225 201720,20220225,201720,14.5,1
20220225 201720,20220225,201720,14.5,1
20220225 201729,20220225,201729,15.0,1
20220225 201729,20220225,201729,15.0,1
20220225 201732,20220225,201732,15.0,5
20220225 201732,20220225,201732,15.0,1
20220225 201732,20220225,201732,15.0,1
20220225 201732,20220225,201732,15.0,1
20220225 201732,20220225,201732,15.0,1
20220225 201732,20220225,201732,15.0,9
20220225 201747,20220225,201747,15.5,3
20220225 201747,20220225,201747,15.5,1
20220225 201747,20220225,201747,15.5,1
20220225 201747,20220225,201747,15.5,1
20220225 201754,20220225,201754,16.0,4
20220225 201754,20220225,201754,16.0,4
20220225 201758,20220225,201758,16.0,9
20220225 201758,20220225,201758,16.0,1
20220225 201758,20220225,201758,16.0,1
20220225 201758,20220225,201758,16.0,11
20220225 201808,20220225,201808,16.5,2
20220225 201808,20220225,201808,16.5,1
20220225 201808,20220225,201808,16.5,3
20220225 201816,20220225,201816,17.0,6
20220225 201816,20220225,201816,17.0,2
20220225 201816,20220225,201816,17.0,4
20220225 201816,20220225,201816,16.5,1
20220225 201816,20220225,201816,16.5,1
20220225 201817,20220225,201817,17.0,1
20220225 201817,20220225,201817,17.0,1
20220225 201817,20220225,201817,17.0,1
20220225 201817,20220225,201817,17.0,3
20220225 201817,20220225,201817,17.0,1
20220225 201817,20220225,201817,17.0,1
20220225 201828,20220225,201828,17.0,1
20220225 201828,20220225,201828,17.0,1
20220225 201834,20220225,201834,17.5,1
20220225 201834,20220225,201834,17.5,1
20220225 201834,20220225,201834,17.0,1
20220225 201834,20220225,201834,17.0,1
20220225 201836,20220225,201836,17.0,1
20220225 201836,20220225,201836,17.0,1
20220225 201836,20220225,201836,17.0,1
20220225 201836,20220225,201836,17.0,1
20220225 201837,20220225,201837,17.0,1
20220225 201837,20220225,201837,17.0,1
20220225 201900,20220225,201900,17.0,10
20220225 201900,20220225,201900,17.0,1
20220225 201900,20220225,201900,17.0,1
20220225 201900,20220225,201900,17.0,1
20220225 201900,20220225,201900,17.0,1
20220225 201900,20220225,201900,17.0,1
20220225 201900,20220225,201900,17.0,2
20220225 201900,20220225,201900,17.0,1
20220225 201900,20220225,201900,17.0,2
20220225 201918,20220225,201918,17.0,1
20220225 201918,20220225,201918,17.0,1
20220225 201947,20220225,201947,17.0,5
20220225 201947,20220225,201947,17.0,5
20220225 201951,20220225,201951,17.0,1
20220225 201951,20220225,201951,17.0,1
20220225 201951,20220225,201951,16.5,3
20220225 201951,20220225,201951,16.5,3
20220225 201958,20220225,201958,16.5,5
20220225 201958,20220225,201958,16.5,5
20220225 202003,20220225,202003,16.5,13
20220225 202003,20220225,202003,16.5,5
20220225 202003,20220225,202003,16.5,4
20220225 202003,20220225,202003,16.5,4
20220225 202009,20220225,202009,16.5,2
20220225 202009,20220225,202009,16.5,2
20220225 202019,20220225,202019,16.5,2
20220225 202019,20220225,202019,16.5,2
20220225 202026,20220225,202026,16.5,1
20220225 202026,20220225,202026,16.5,1
20220225 202034,20220225,202034,16.5,2
20220225 202034,20220225,202034,16.5,2
20220225 202041,20220225,202041,16.5,2
20220225 202041,20220225,202041,16.5,2
20220225 202053,20220225,202053,16.5,1
20220225 202053,20220225,202053,16.5,1
20220225 202112,20220225,202112,16.5,1
20220225 202112,20220225,202112,16.5,1
20220225 202116,20220225,202116,16.5,1
20220225 202116,20220225,202116,16.5,1
20220225 202116,20220225,202116,16.5,1
20220225 202116,20220225,202116,16.5,1
20220225 202118,20220225,202118,16.5,1
20220225 202118,20220225,202118,16.5,1
20220225 202143,20220225,202143,16.5,1
20220225 202143,20220225,202143,16.5,1
20220225 202159,20220225,202159,16.5,1
20220225 202159,20220225,202159,16.5,1
20220225 202159,20220225,202159,16.0,1
20220225 202159,20220225,202159,16.0,1
20220225 202225,20220225,202225,16.0,1
20220225 202225,20220225,202225,16.0,1
20220225 202225,20220225,202225,16.0,2
20220225 202231,20220225,202231,16.5,1
20220225 202231,20220225,202231,16.5,1
20220225 202232,20220225,202232,16.5,1
20220225 202232,20220225,202232,16.5,1
20220225 202247,20220225,202247,16.5,1
20220225 202247,20220225,202247,16.5,1
20220225 202257,20220225,202257,16.5,1
20220225 202257,20220225,202257,16.5,1
20220225 202313,20220225,202313,16.5,1
20220225 202313,20220225,202313,16.5,1
20220225 202313,20220225,202313,17.0,4
20220225 202313,20220225,202313,17.0,4
20220225 202324,20220225,202324,17.0,2
20220225 202324,20220225,202324,17.0,1
20220225 202324,20220225,202324,17.0,1
20220225 202335,20220225,202335,17.5,1
20220225 202335,20220225,202335,17.5,1
20220225 202337,20220225,202337,17.5,1
20220225 202337,20220225,202337,17.5,1
20220225 202345,20220225,202345,17.5,2
20220225 202345,20220225,202345,17.5,1
20220225 202345,20220225,202345,17.5,1
20220225 202346,20220225,202346,17.5,5
20220225 202346,20220225,202346,17.5,1
20220225 202346,20220225,202346,17.5,4
20220225 202347,20220225,202347,17.5,1
20220225 202347,20220225,202347,17.5,1
20220225 202423,20220225,202423,17.0,5
20220225 202423,20220225,202423,17.0,3
20220225 202423,20220225,202423,17.0,2
20220225 202442,20220225,202442,17.0,6
20220225 202442,20220225,202442,17.0,1
20220225 202442,20220225,202442,17.0,5
20220225 202534,20220225,202534,16.5,6
20220225 202534,20220225,202534,16.5,1
20220225 202534,20220225,202534,16.5,1
20220225 202534,20220225,202534,16.5,2
20220225 202534,20220225,202534,16.5,2
20220225 202542,20220225,202542,16.0,1
20220225 202542,20220225,202542,16.0,1
20220225 202543,20220225,202543,16.0,1
20220225 202543,20220225,202543,16.0,1
20220225 202620,20220225,202620,16.0,1
20220225 202620,20220225,202620,16.0,1
20220225 202731,20220225,202731,16.5,1
20220225 202731,20220225,202731,16.5,1
20220225 202733,20220225,202733,16.5,1
20220225 202733,20220225,202733,16.5,1
20220225 202740,20220225,202740,16.5,1
20220225 202740,20220225,202740,16.5,1
20220225 202741,20220225,202741,16.5,1
20220225 202741,20220225,202741,16.5,1
20220225 202742,20220225,202742,16.5,1
20220225 202742,20220225,202742,16.5,1
20220225 202751,20220225,202751,16.5,1
20220225 202751,20220225,202751,16.5,1
20220225 202755,20220225,202755,16.5,1
20220225 202755,20220225,202755,16.5,1
20220225 202800,20220225,202800,17.0,2
20220225 202800,20220225,202800,17.0,2
20220225 202814,20220225,202814,16.5,1
20220225 202814,20220225,202814,16.5,1
20220225 202820,20220225,202820,17.0,1
20220225 202820,20220225,202820,17.0,1
20220225 202833,20220225,202833,16.5,1
20220225 202833,20220225,202833,16.5,1
20220225 202848,20220225,202848,17.0,3
20220225 202848,20220225,202848,17.0,2
20220225 202848,20220225,202848,17.0,1
20220225 202900,20220225,202900,16.5,4
20220225 202900,20220225,202900,16.5,1
20220225 202900,20220225,202900,16.5,1
20220225 202900,20220225,202900,16.5,2
20220225 202900,20220225,202900,16.0,1
20220225 202900,20220225,202900,16.0,1
20220225 202926,20220225,202926,16.5,5
20220225 202926,20220225,202926,16.5,1
20220225 202926,20220225,202926,16.5,1
20220225 202926,20220225,202926,16.5,2
20220225 202926,20220225,202926,16.5,1
20220225 202927,20220225,202927,17.0,3
20220225 202927,20220225,202927,17.0,1
20220225 202927,20220225,202927,17.0,2
20220225 202927,20220225,202927,17.0,2
20220225 202927,20220225,202927,17.0,2
20220225 202951,20220225,202951,16.0,2
20220225 202951,20220225,202951,16.0,2
20220225 202952,20220225,202952,17.0,2
20220225 202952,20220225,202952,17.0,2
20220225 203006,20220225,203006,16.5,2
20220225 203006,20220225,203006,16.5,2
20220225 203006,20220225,203006,17.0,3
20220225 203006,20220225,203006,17.0,3
20220225 203023,20220225,203023,17.0,1
20220225 203023,20220225,203023,17.0,1
20220225 203034,20220225,203034,16.5,1
20220225 203034,20220225,203034,16.5,1
20220225 203052,20220225,203052,17.0,1
20220225 203052,20220225,203052,17.0,1
20220225 203059,20220225,203059,17.0,10
20220225 203059,20220225,203059,17.0,10
20220225 203105,20220225,203105,16.5,1
20220225 203105,20220225,203105,16.5,1
20220225 203153,20220225,203153,16.5,2
20220225 203153,20220225,203153,16.5,2
20220225 203245,20220225,203245,16.5,1
20220225 203245,20220225,203245,16.5,1
20220225 203309,20220225,203309,16.5,1
20220225 203309,20220225,203309,16.5,1
20220225 203326,20220225,203326,16.5,1
20220225 203326,20220225,203326,16.5,1
20220225 203400,20220225,203400,17.0,5
20220225 203400,20220225,203400,17.0,5
20220225 203401,20220225,203401,16.5,1
20220225 203401,20220225,203401,16.5,1
20220225 203401,20220225,203401,16.0,4
20220225 203401,20220225,203401,16.0,4
20220225 203430,20220225,203430,16.0,5
20220225 203430,20220225,203430,16.0,4
20220225 203430,20220225,203430,16.0,1
20220225 203436,20220225,203436,16.0,1
20220225 203436,20220225,203436,16.0,1
20220225 203444,20220225,203444,16.5,1
20220225 203444,20220225,203444,16.5,1
20220225 203444,20220225,203444,16.0,1
20220225 203444,20220225,203444,16.0,1
20220225 203446,20220225,203446,16.5,1
20220225 203446,20220225,203446,16.5,1
20220225 203446,20220225,203446,16.5,1
20220225 203446,20220225,203446,16.5,1
20220225 203501,20220225,203501,16.0,1
20220225 203501,20220225,203501,16.0,1
20220225 203515,20220225,203515,16.0,9
20220225 203515,20220225,203515,16.0,7
20220225 203515,20220225,203515,16.0,2
20220225 203608,20220225,203608,15.5,1
20220225 203608,20220225,203608,15.5,1
20220225 203631,20220225,203631,16.0,1
20220225 203631,20220225,203631,16.0,1
20220225 203647,20220225,203647,15.5,2
20220225 203647,20220225,203647,15.5,2
20220225 203807,20220225,203807,16.0,1
20220225 203807,20220225,203807,16.0,1
20220225 203811,20220225,203811,16.0,5
20220225 203811,20220225,203811,16.0,5
20220225 203813,20220225,203813,15.5,25
20220225 203813,20220225,203813,15.5,8
20220225 203813,20220225,203813,15.5,1
20220225 203813,20220225,203813,15.5,2
20220225 203813,20220225,203813,15.5,10
20220225 203813,20220225,203813,15.5,4
20220225 203817,20220225,203817,15.5,1
20220225 203817,20220225,203817,15.5,1
20220225 203841,20220225,203841,15.0,1
20220225 203841,20220225,203841,15.0,1
20220225 203853,20220225,203853,15.0,1
20220225 203853,20220225,203853,15.0,1
20220225 203905,20220225,203905,15.0,12
20220225 203905,20220225,203905,15.0,12
20220225 203928,20220225,203928,15.0,1
20220225 203928,20220225,203928,15.0,1
20220225 204003,20220225,204003,15.5,1
20220225 204003,20220225,204003,15.5,1
20220225 204114,20220225,204114,15.5,3
20220225 204114,20220225,204114,15.5,3
20220225 204203,20220225,204203,15.5,1
20220225 204203,20220225,204203,15.5,1
20220225 204256,20220225,204256,15.5,2
20220225 204256,20220225,204256,15.5,2
20220225 204306,20220225,204306,15.5,1
20220225 204306,20220225,204306,15.5,1
20220225 204350,20220225,204350,15.5,1
20220225 204350,20220225,204350,15.5,1
20220225 204405,20220225,204405,15.0,1
20220225 204405,20220225,204405,15.0,1
20220225 204415,20220225,204415,15.0,1
20220225 204415,20220225,204415,15.0,1
20220225 204452,20220225,204452,15.5,1
20220225 204452,20220225,204452,15.5,1
20220225 204522,20220225,204522,15.5,5
20220225 204522,20220225,204522,15.5,5
20220225 204550,20220225,204550,15.5,1
20220225 204550,20220225,204550,15.5,1
20220225 204554,20220225,204554,15.0,2
20220225 204554,20220225,204554,15.0,1
20220225 204554,20220225,204554,15.0,1
20220225 204700,20220225,204700,15.0,1
20220225 204700,20220225,204700,15.0,1
20220225 204711,20220225,204711,15.0,1
20220225 204711,20220225,204711,15.0,1
20220225 205017,20220225,205017,15.5,2
20220225 205017,20220225,205017,15.5,2
20220225 205021,20220225,205021,15.5,3
20220225 205021,20220225,205021,15.5,3
20220225 205032,20220225,205032,15.5,6
20220225 205032,20220225,205032,15.5,3
20220225 205032,20220225,205032,15.5,1
20220225 205032,20220225,205032,15.5,2
20220225 205041,20220225,205041,15.5,1
20220225 205041,20220225,205041,15.5,1
20220225 205043,20220225,205043,15.5,2
20220225 205043,20220225,205043,15.5,2
20220225 205045,20220225,205045,16.0,1
20220225 205045,20220225,205045,16.0,1
20220225 205052,20220225,205052,16.0,1
20220225 205052,20220225,205052,16.0,1
20220225 205052,20220225,205052,16.0,3
20220225 205052,20220225,205052,16.0,2
20220225 205052,20220225,205052,16.0,1
20220225 205052,20220225,205052,16.5,1
20220225 205052,20220225,205052,16.5,1
20220225 205052,20220225,205052,17.0,1
20220225 205052,20220225,205052,17.0,1
20220225 205053,20220225,205053,17.0,1
20220225 205053,20220225,205053,17.0,1
20220225 205053,20220225,205053,17.0,1
20220225 205053,20220225,205053,17.0,1
20220225 205130,20220225,205130,17.5,1
20220225 205130,20220225,205130,17.5,1
20220225 205150,20220225,205150,17.5,1
20220225 205150,20220225,205150,17.5,1
20220225 205154,20220225,205154,17.5,3
20220225 205154,20220225,205154,17.5,3
20220225 205158,20220225,205158,17.5,2
20220225 205158,20220225,205158,17.5,2
20220225 205204,20220225,205204,17.5,1
20220225 205204,20220225,205204,17.5,1
20220225 205221,20220225,205221,17.0,1
20220225 205221,20220225,205221,17.0,2
20220225 205221,20220225,205221,17.0,3
20220225 205225,20220225,205225,17.5,3
20220225 205225,20220225,205225,17.5,3
20220225 205245,20220225,205245,17.0,1
20220225 205245,20220225,205245,17.0,1
20220225 205245,20220225,205245,17.0,2
20220225 205245,20220225,205245,17.0,2
20220225 205312,20220225,205312,17.0,3
20220225 205312,20220225,205312,17.0,1
20220225 205312,20220225,205312,17.0,2
20220225 205319,20220225,205319,17.5,2
20220225 205319,20220225,205319,17.5,2
20220225 205323,20220225,205323,17.5,1
20220225 205323,20220225,205323,17.5,1
20220225 205331,20220225,205331,17.0,1
20220225 205331,20220225,205331,17.0,1
20220225 205349,20220225,205349,17.5,1
20220225 205349,20220225,205349,17.5,1
20220225 205400,20220225,205400,18.0,1
20220225 205400,20220225,205400,18.0,1
20220225 205400,20220225,205400,18.0,2
20220225 205400,20220225,205400,18.0,1
20220225 205400,20220225,205400,18.0,1
20220225 205404,20220225,205404,17.5,1
20220225 205404,20220225,205404,17.5,1
20220225 205406,20220225,205406,18.0,1
20220225 205406,20220225,205406,18.0,1
20220225 205408,20220225,205408,17.5,1
20220225 205408,20220225,205408,17.5,1
20220225 205419,20220225,205419,17.5,7
20220225 205419,20220225,205419,17.5,1
20220225 205419,20220225,205419,17.5,1
20220225 205419,20220225,205419,17.5,3
20220225 205419,20220225,205419,17.5,2
20220225 205425,20220225,205425,17.0,2
20220225 205425,20220225,205425,17.0,1
20220225 205425,20220225,205425,17.0,1
20220225 205425,20220225,205425,17.0,3
20220225 205425,20220225,205425,17.0,1
20220225 205425,20220225,205425,17.0,2
20220225 205425,20220225,205425,17.0,2
20220225 205425,20220225,205425,17.0,8
20220225 205431,20220225,205431,16.5,5
20220225 205431,20220225,205431,16.5,1
20220225 205431,20220225,205431,16.5,2
20220225 205431,20220225,205431,16.5,2
20220225 205436,20220225,205436,16.5,2
20220225 205436,20220225,205436,16.5,2
20220225 205436,20220225,205436,16.5,1
20220225 205436,20220225,205436,16.5,1
20220225 205442,20220225,205442,17.5,2
20220225 205442,20220225,205442,17.5,2
20220225 205447,20220225,205447,17.0,5
20220225 205447,20220225,205447,17.0,2
20220225 205447,20220225,205447,17.0,1
20220225 205447,20220225,205447,17.0,1
20220225 205447,20220225,205447,17.0,1
20220225 205447,20220225,205447,17.5,2
20220225 205447,20220225,205447,17.5,2
20220225 205449,20220225,205449,17.5,1
20220225 205449,20220225,205449,17.5,1
20220225 205458,20220225,205458,17.5,1
20220225 205458,20220225,205458,17.5,1
20220225 205500,20220225,205500,17.5,1
20220225 205500,20220225,205500,17.5,1
20220225 205500,20220225,205500,17.5,1
20220225 205500,20220225,205500,17.5,1
20220225 205504,20220225,205504,17.0,1
20220225 205504,20220225,205504,17.0,1
20220225 205504,20220225,205504,17.5,2
20220225 205504,20220225,205504,17.5,2
20220225 205504,20220225,205504,17.0,1
20220225 205504,20220225,205504,17.0,1
20220225 205505,20220225,205505,17.5,2
20220225 205505,20220225,205505,17.5,2
20220225 205506,20220225,205506,17.0,2
20220225 205506,20220225,205506,17.0,2
20220225 205509,20220225,205509,17.5,1
20220225 205509,20220225,205509,17.5,1
20220225 205513,20220225,205513,17.0,5
20220225 205513,20220225,205513,17.0,5
20220225 205513,20220225,205513,17.5,1
20220225 205513,20220225,205513,17.5,1
20220225 205514,20220225,205514,17.5,10
20220225 205514,20220225,205514,17.5,7
20220225 205514,20220225,205514,17.5,2
20220225 205514,20220225,205514,17.5,1
20220225 205515,20220225,205515,18.0,3
20220225 205515,20220225,205515,18.0,1
20220225 205515,20220225,205515,18.0,1
20220225 205515,20220225,205515,18.0,1
20220225 205532,20220225,205532,18.0,1
20220225 205532,20220225,205532,18.0,1
20220225 205539,20220225,205539,18.5,1
20220225 205539,20220225,205539,18.5,1
20220225 205541,20220225,205541,18.5,1
20220225 205541,20220225,205541,18.5,1
20220225 205543,20220225,205543,18.5,1
20220225 205543,20220225,205543,18.5,1
20220225 205553,20220225,205553,19.0,5
20220225 205553,20220225,205553,19.0,1
20220225 205553,20220225,205553,19.0,4
20220225 205553,20220225,205553,19.0,6
20220225 205553,20220225,205553,19.0,6
20220225 205558,20220225,205558,19.0,1
20220225 205558,20220225,205558,19.0,1
20220225 205611,20220225,205611,18.5,1
20220225 205611,20220225,205611,18.5,1
20220225 205612,20220225,205612,18.5,1
20220225 205612,20220225,205612,18.5,1
20220225 205619,20220225,205619,18.5,1
20220225 205619,20220225,205619,18.5,1
20220225 205620,20220225,205620,19.0,2
20220225 205620,20220225,205620,19.0,2
20220225 205622,20220225,205622,19.5,1
20220225 205622,20220225,205622,19.5,1
20220225 205622,20220225,205622,19.5,1
20220225 205622,20220225,205622,19.5,1
20220225 205625,20220225,205625,19.0,2
20220225 205625,20220225,205625,19.0,1
20220225 205625,20220225,205625,19.0,1
20220225 205625,20220225,205625,19.0,1
20220225 205625,20220225,205625,19.0,1
20220225 205625,20220225,205625,19.0,2
20220225 205631,20220225,205631,19.0,1
20220225 205631,20220225,205631,19.0,1
20220225 205631,20220225,205631,19.0,1
20220225 205631,20220225,205631,19.0,1
20220225 205631,20220225,205631,19.0,1
20220225 205631,20220225,205631,19.0,1
20220225 205632,20220225,205632,19.0,1
20220225 205632,20220225,205632,19.0,1
20220225 205632,20220225,205632,18.5,3
20220225 205632,20220225,205632,18.5,1
20220225 205632,20220225,205632,18.5,1
20220225 205632,20220225,205632,18.5,1
20220225 205645,20220225,205645,19.0,2
20220225 205645,20220225,205645,19.0,2
20220225 205647,20220225,205647,19.0,2
20220225 205647,20220225,205647,19.0,1
20220225 205647,20220225,205647,19.0,1
20220225 205648,20220225,205648,19.0,3
20220225 205648,20220225,205648,19.0,3
20220225 205653,20220225,205653,19.0,1
20220225 205653,20220225,205653,19.0,1
20220225 205658,20220225,205658,19.5,2
20220225 205658,20220225,205658,19.5,1
20220225 205658,20220225,205658,19.5,1
20220225 205706,20220225,205706,19.5,1
20220225 205706,20220225,205706,19.5,1
20220225 205709,20220225,205709,20.0,2
20220225 205709,20220225,205709,20.0,2
20220225 205709,20220225,205709,19.5,1
20220225 205709,20220225,205709,19.5,1
20220225 205714,20220225,205714,20.0,1
20220225 205714,20220225,205714,20.0,1
20220225 205714,20220225,205714,20.0,1
20220225 205714,20220225,205714,20.0,2
20220225 205714,20220225,205714,20.0,5
20220225 205715,20220225,205715,19.5,1
20220225 205715,20220225,205715,19.5,1
20220225 205718,20220225,205718,19.5,2
20220225 205718,20220225,205718,19.5,1
20220225 205718,20220225,205718,19.5,1
20220225 205719,20220225,205719,19.5,1
20220225 205719,20220225,205719,19.5,1
20220225 205726,20220225,205726,19.5,1
20220225 205726,20220225,205726,19.5,1
20220225 205749,20220225,205749,20.0,1
20220225 205749,20220225,205749,20.0,1
20220225 205754,20220225,205754,19.5,2
20220225 205754,20220225,205754,19.5,1
20220225 205754,20220225,205754,19.5,1
20220225 205801,20220225,205801,20.0,1
20220225 205801,20220225,205801,20.0,1
20220225 205804,20220225,205804,20.0,1
20220225 205804,20220225,205804,20.0,1
20220225 205813,20220225,205813,20.0,1
20220225 205813,20220225,205813,20.0,1
20220225 205825,20220225,205825,20.5,1
20220225 205825,20220225,205825,20.5,1
20220225 205825,20220225,205825,20.0,1
20220225 205825,20220225,205825,20.0,1
20220225 205830,20220225,205830,20.5,1
20220225 205830,20220225,205830,20.5,1
20220225 205833,20220225,205833,20.0,1
20220225 205833,20220225,205833,20.0,1
20220225 205845,20220225,205845,20.5,1
20220225 205845,20220225,205845,20.5,1
20220225 205847,20220225,205847,20.0,5
20220225 205847,20220225,205847,20.0,1
20220225 205847,20220225,205847,20.0,1
20220225 205847,20220225,205847,20.0,1
20220225 205847,20220225,205847,20.0,2
20220225 205853,20220225,205853,20.0,1
20220225 205853,20220225,205853,20.0,1
20220225 205855,20220225,205855,20.0,1
20220225 205855,20220225,205855,20.0,1
20220225 205903,20220225,205903,20.5,1
20220225 205903,20220225,205903,20.5,1
20220225 205906,20220225,205906,20.5,8
20220225 205906,20220225,205906,20.5,4
20220225 205906,20220225,205906,20.5,2
20220225 205906,20220225,205906,20.5,2
20220225 205910,20220225,205910,21.0,30
20220225 205910,20220225,205910,21.0,1
20220225 205910,20220225,205910,21.0,1
20220225 205910,20220225,205910,21.0,2
20220225 205910,20220225,205910,21.0,2
20220225 205910,20220225,205910,21.0,24
20220225 205911,20220225,205911,21.0,1
20220225 205911,20220225,205911,21.0,1
20220225 205913,20220225,205913,20.5,1
20220225 205913,20220225,205913,20.5,1
20220225 205914,20220225,205914,21.0,1
20220225 205914,20220225,205914,21.0,1
20220225 205922,20220225,205922,21.0,15
20220225 205922,20220225,205922,21.0,4
20220225 205922,20220225,205922,21.0,11
20220225 205924,20220225,205924,21.0,20
20220225 205924,20220225,205924,21.0,20
20220225 205926,20220225,205926,21.0,1
20220225 205926,20220225,205926,21.0,1
20220225 205929,20220225,205929,20.5,2
20220225 205929,20220225,205929,20.5,1
20220225 205929,20220225,205929,20.5,1
20220225 205930,20220225,205930,20.5,2
20220225 205930,20220225,205930,20.5,2
20220225 205930,20220225,205930,20.5,2
20220225 205930,20220225,205930,20.5,2
20220225 205931,20220225,205931,20.5,15
20220225 205931,20220225,205931,20.5,4
20220225 205931,20220225,205931,20.5,10
20220225 205931,20220225,205931,20.5,1
20220225 210000,20220225,210000,20.5,1
20220225 210000,20220225,210000,20.5,1
20220225 210002,20220225,210002,20.5,15
20220225 210002,20220225,210002,20.5,4
20220225 210002,20220225,210002,20.5,11
20220225 210002,20220225,210002,20.5,15
20220225 210002,20220225,210002,20.5,15
20220225 210003,20220225,210003,20.5,15
20220225 210003,20220225,210003,20.5,15
20220225 210005,20220225,210005,20.0,2
20220225 210005,20220225,210005,20.0,1
20220225 210005,20220225,210005,20.0,1
20220225 210014,20220225,210014,20.0,5
20220225 210014,20220225,210014,20.0,5
20220225 210028,20220225,210028,20.5,20
20220225 210028,20220225,210028,20.5,20
20220225 210033,20220225,210033,20.5,1
20220225 210033,20220225,210033,20.5,1
20220225 210035,20220225,210035,20.5,1
20220225 210035,20220225,210035,20.5,1
20220225 210036,20220225,210036,20.5,1
20220225 210036,20220225,210036,20.5,1
20220225 210042,20220225,210042,20.5,6
20220225 210042,20220225,210042,20.5,4
20220225 210042,20220225,210042,20.5,2
20220225 210047,20220225,210047,20.0,1
20220225 210047,20220225,210047,20.0,1
20220225 210049,20220225,210049,20.5,10
20220225 210049,20220225,210049,20.5,10
20220225 210125,20220225,210125,20.5,1
20220225 210125,20220225,210125,20.5,1
20220225 210130,20220225,210130,20.5,2
20220225 210130,20220225,210130,20.5,2
20220225 210135,20220225,210135,20.5,1
20220225 210135,20220225,210135,20.5,1
20220225 210136,20220225,210136,20.5,1
20220225 210136,20220225,210136,20.5,1
20220225 210136,20220225,210136,20.5,12
20220225 210136,20220225,210136,20.5,6
20220225 210136,20220225,210136,20.5,1
20220225 210136,20220225,210136,20.5,1
20220225 210136,20220225,210136,20.5,4
20220225 210138,20220225,210138,20.5,8
20220225 210138,20220225,210138,20.5,8
20220225 210141,20220225,210141,21.0,6
20220225 210141,20220225,210141,21.0,1
20220225 210141,20220225,210141,21.0,1
20220225 210141,20220225,210141,21.0,1
20220225 210141,20220225,210141,21.0,3
20220225 210141,20220225,210141,20.5,1
20220225 210141,20220225,210141,20.5,1
20220225 210141,20220225,210141,20.5,1
20220225 210141,20220225,210141,20.5,1
20220225 210148,20220225,210148,20.5,1
20220225 210148,20220225,210148,20.5,1
20220225 210201,20220225,210201,20.0,3
20220225 210201,20220225,210201,20.0,3
20220225 210206,20220225,210206,20.0,2
20220225 210206,20220225,210206,20.0,2
20220225 210210,20220225,210210,20.5,1
20220225 210210,20220225,210210,20.5,1
20220225 210213,20220225,210213,20.5,3
20220225 210213,20220225,210213,20.5,2
20220225 210213,20220225,210213,20.5,1
20220225 210231,20220225,210231,20.5,1
20220225 210231,20220225,210231,20.5,1
20220225 210234,20220225,210234,20.0,3
20220225 210234,20220225,210234,20.0,3
20220225 210240,20220225,210240,20.5,2
20220225 210240,20220225,210240,20.5,2
20220225 210240,20220225,210240,20.0,2
20220225 210240,20220225,210240,20.0,1
20220225 210240,20220225,210240,20.0,1
20220225 210248,20220225,210248,20.0,1
20220225 210248,20220225,210248,20.0,1
20220225 210253,20220225,210253,20.5,1
20220225 210253,20220225,210253,20.5,1
20220225 210255,20220225,210255,20.0,2
20220225 210255,20220225,210255,20.0,2
20220225 210258,20220225,210258,20.0,1
20220225 210258,20220225,210258,20.0,1
20220225 210300,20220225,210300,20.0,1
20220225 210300,20220225,210300,20.0,1
20220225 210314,20220225,210314,20.0,1
20220225 210314,20220225,210314,20.0,1
20220225 210327,20220225,210327,20.0,1
20220225 210327,20220225,210327,20.0,1
20220225 210329,20220225,210329,20.0,1
20220225 210329,20220225,210329,20.0,1
20220225 210337,20220225,210337,20.0,2
20220225 210337,20220225,210337,20.0,2
20220225 210338,20220225,210338,20.0,1
20220225 210338,20220225,210338,20.0,1
20220225 210341,20220225,210341,19.5,1
20220225 210341,20220225,210341,19.5,1
20220225 210352,20220225,210352,19.5,1
20220225 210352,20220225,210352,19.5,1
20220225 210409,20220225,210409,20.0,1
20220225 210409,20220225,210409,20.0,1
20220225 210414,20220225,210414,19.5,1
20220225 210414,20220225,210414,19.5,1
20220225 210416,20220225,210416,19.5,1
20220225 210416,20220225,210416,19.5,1
20220225 210416,20220225,210416,19.5,1
20220225 210416,20220225,210416,19.5,1
20220225 210417,20220225,210417,19.5,1
20220225 210417,20220225,210417,19.5,1
20220225 210417,20220225,210417,19.5,1
20220225 210417,20220225,210417,19.5,1
20220225 210418,20220225,210418,19.5,1
20220225 210418,20220225,210418,19.5,1
20220225 210421,20220225,210421,19.5,1
20220225 210421,20220225,210421,19.5,1
20220225 210425,20220225,210425,20.0,1
20220225 210425,20220225,210425,20.0,1
20220225 210447,20220225,210447,20.0,1
20220225 210447,20220225,210447,20.0,1
20220225 210508,20220225,210508,20.0,1
20220225 210508,20220225,210508,20.0,1
20220225 210509,20220225,210509,20.0,1
20220225 210509,20220225,210509,20.0,1
20220225 210544,20220225,210544,20.0,8
20220225 210544,20220225,210544,20.0,2
20220225 210544,20220225,210544,20.0,1
20220225 210544,20220225,210544,20.0,1
20220225 210544,20220225,210544,20.0,2
20220225 210544,20220225,210544,20.0,2
20220225 210604,20220225,210604,20.5,14
20220225 210604,20220225,210604,20.5,2
20220225 210604,20220225,210604,20.5,2
20220225 210604,20220225,210604,20.5,1
20220225 210604,20220225,210604,20.5,3
20220225 210604,20220225,210604,20.5,6
20220225 210622,20220225,210622,21.0,1
20220225 210622,20220225,210622,21.0,1
20220225 210623,20220225,210623,21.0,2
20220225 210623,20220225,210623,21.0,2
20220225 210625,20220225,210625,20.5,2
20220225 210625,20220225,210625,20.5,2
20220225 210628,20220225,210628,20.5,1
20220225 210628,20220225,210628,20.5,1
20220225 210641,20220225,210641,20.5,1
20220225 210641,20220225,210641,20.5,1
20220225 210643,20220225,210643,20.5,1
20220225 210643,20220225,210643,20.5,1
20220225 210644,20220225,210644,20.5,1
20220225 210644,20220225,210644,20.5,1
20220225 210645,20220225,210645,20.5,1
20220225 210645,20220225,210645,20.5,1
20220225 210648,20220225,210648,20.0,1
20220225 210648,20220225,210648,20.0,1
20220225 210651,20220225,210651,20.5,1
20220225 210651,20220225,210651,20.5,1
20220225 210706,20220225,210706,21.0,8
20220225 210706,20220225,210706,21.0,2
20220225 210706,20220225,210706,21.0,1
20220225 210706,20220225,210706,21.0,1
20220225 210706,20220225,210706,21.0,4
20220225 210726,20220225,210726,21.0,2
20220225 210726,20220225,210726,21.0,1
20220225 210726,20220225,210726,21.0,1
20220225 210728,20220225,210728,21.0,1
20220225 210728,20220225,210728,21.0,1
20220225 210731,20220225,210731,21.0,1
20220225 210731,20220225,210731,21.0,1
20220225 210731,20220225,210731,21.0,1
20220225 210731,20220225,210731,21.0,1
20220225 210731,20220225,210731,21.0,2
20220225 210749,20220225,210749,21.0,1
20220225 210749,20220225,210749,21.0,1
20220225 210805,20220225,210805,21.0,2
20220225 210805,20220225,210805,21.0,1
20220225 210805,20220225,210805,21.0,1
20220225 210809,20220225,210809,21.0,3
20220225 210809,20220225,210809,21.0,1
20220225 210809,20220225,210809,21.0,1
20220225 210809,20220225,210809,21.0,1
20220225 210811,20220225,210811,21.0,1
20220225 210811,20220225,210811,21.0,1
20220225 210817,20220225,210817,21.5,1
20220225 210817,20220225,210817,21.5,1
20220225 210836,20220225,210836,21.5,1
20220225 210836,20220225,210836,21.5,1
20220225 210842,20220225,210842,21.0,10
20220225 210842,20220225,210842,21.0,9
20220225 210842,20220225,210842,21.0,1
20220225 210851,20220225,210851,21.0,1
20220225 210851,20220225,210851,21.0,1
20220225 210856,20220225,210856,21.0,1
20220225 210856,20220225,210856,21.0,1
20220225 210856,20220225,210856,21.0,1
20220225 210856,20220225,210856,21.0,1
20220225 210857,20220225,210857,21.0,1
20220225 210857,20220225,210857,21.0,1
20220225 210858,20220225,210858,21.0,1
20220225 210858,20220225,210858,21.0,1
20220225 210858,20220225,210858,21.0,1
20220225 210858,20220225,210858,21.0,1
20220225 210859,20220225,210859,21.0,1
20220225 210859,20220225,210859,21.0,1
20220225 210859,20220225,210859,21.0,2
20220225 210859,20220225,210859,21.0,2
20220225 210905,20220225,210905,21.0,1
20220225 210905,20220225,210905,21.0,1
20220225 210905,20220225,210905,21.0,1
20220225 210905,20220225,210905,21.0,1
20220225 210910,20220225,210910,21.0,1
20220225 210910,20220225,210910,21.0,1
20220225 210925,20220225,210925,21.0,1
20220225 210925,20220225,210925,21.0,1
20220225 210954,20220225,210954,21.0,1
20220225 210954,20220225,210954,21.0,1
20220225 210955,20220225,210955,21.0,1
20220225 210955,20220225,210955,21.0,1
20220225 210955,20220225,210955,21.5,1
20220225 210955,20220225,210955,21.5,1
20220225 211005,20220225,211005,21.5,1
20220225 211005,20220225,211005,21.5,1
20220225 211030,20220225,211030,21.0,2
20220225 211030,20220225,211030,21.0,2
20220225 211030,20220225,211030,21.5,1
20220225 211030,20220225,211030,21.5,1
20220225 211030,20220225,211030,21.0,11
20220225 211030,20220225,211030,21.0,5
20220225 211030,20220225,211030,21.0,5
20220225 211030,20220225,211030,21.0,1
20220225 211036,20220225,211036,21.0,2
20220225 211036,20220225,211036,21.0,2
20220225 211037,20220225,211037,21.0,2
20220225 211037,20220225,211037,21.0,2
20220225 211049,20220225,211049,20.5,6
20220225 211049,20220225,211049,20.5,1
20220225 211049,20220225,211049,20.5,5
20220225 211049,20220225,211049,20.5,4
20220225 211049,20220225,211049,20.5,4
20220225 211110,20220225,211110,20.5,5
20220225 211110,20220225,211110,20.5,1
20220225 211110,20220225,211110,20.5,4
20220225 211117,20220225,211117,21.0,1
20220225 211117,20220225,211117,21.0,1
20220225 211119,20220225,211119,21.0,3
20220225 211119,20220225,211119,21.0,3
20220225 211139,20220225,211139,20.5,2
20220225 211139,20220225,211139,20.5,1
20220225 211139,20220225,211139,20.5,1
20220225 211152,20220225,211152,20.5,5
20220225 211152,20220225,211152,20.5,1
20220225 211152,20220225,211152,20.5,2
20220225 211152,20220225,211152,20.5,2
20220225 211155,20220225,211155,20.5,3
20220225 211155,20220225,211155,20.5,3
20220225 211206,20220225,211206,21.0,1
20220225 211206,20220225,211206,21.0,1
20220225 211209,20220225,211209,21.0,2
20220225 211209,20220225,211209,21.0,1
20220225 211209,20220225,211209,21.0,1
20220225 211214,20220225,211214,21.0,2
20220225 211214,20220225,211214,21.0,2
20220225 211223,20220225,211223,20.5,4
20220225 211223,20220225,211223,20.5,1
20220225 211223,20220225,211223,20.5,3
20220225 211229,20220225,211229,21.0,1
20220225 211229,20220225,211229,21.0,1
20220225 211251,20220225,211251,21.5,3
20220225 211251,20220225,211251,21.5,3
20220225 211302,20220225,211302,21.0,1
20220225 211302,20220225,211302,21.0,1
20220225 211302,20220225,211302,21.5,3
20220225 211302,20220225,211302,21.5,4
20220225 211302,20220225,211302,21.5,7
20220225 211314,20220225,211314,21.0,1
20220225 211314,20220225,211314,21.0,1
20220225 211320,20220225,211320,20.5,10
20220225 211320,20220225,211320,20.5,1
20220225 211320,20220225,211320,20.5,3
20220225 211320,20220225,211320,20.5,6
20220225 211323,20220225,211323,21.0,1
20220225 211323,20220225,211323,21.0,1
20220225 211324,20220225,211324,21.0,1
20220225 211324,20220225,211324,21.0,1
20220225 211328,20220225,211328,20.5,9
20220225 211328,20220225,211328,20.5,5
20220225 211328,20220225,211328,20.5,3
20220225 211328,20220225,211328,20.5,1
20220225 211331,20220225,211331,20.5,3
20220225 211331,20220225,211331,20.5,3
20220225 211359,20220225,211359,20.5,1
20220225 211359,20220225,211359,20.5,1
20220225 211423,20220225,211423,20.5,10
20220225 211423,20220225,211423,20.5,1
20220225 211423,20220225,211423,20.5,2
20220225 211423,20220225,211423,20.5,2
20220225 211423,20220225,211423,20.5,2
20220225 211423,20220225,211423,20.5,2
20220225 211423,20220225,211423,20.5,1
20220225 211434,20220225,211434,21.0,4
20220225 211434,20220225,211434,21.0,1
20220225 211434,20220225,211434,21.0,1
20220225 211434,20220225,211434,21.0,2
20220225 211435,20220225,211435,21.0,1
20220225 211435,20220225,211435,21.0,1
20220225 211452,20220225,211452,21.5,1
20220225 211452,20220225,211452,21.5,1
20220225 211454,20220225,211454,21.0,1
20220225 211454,20220225,211454,21.0,1
20220225 211459,20220225,211459,21.0,7
20220225 211459,20220225,211459,21.0,1
20220225 211459,20220225,211459,21.0,5
20220225 211459,20220225,211459,21.0,1
20220225 211505,20220225,211505,21.0,13
20220225 211505,20220225,211505,21.0,1
20220225 211505,20220225,211505,21.0,2
20220225 211505,20220225,211505,21.0,4
20220225 211505,20220225,211505,21.0,2
20220225 211505,20220225,211505,21.0,4
20220225 211510,20220225,211510,21.0,1
20220225 211510,20220225,211510,21.0,1
20220225 211512,20220225,211512,21.0,1
20220225 211512,20220225,211512,21.0,1
20220225 211515,20220225,211515,20.5,23
20220225 211515,20220225,211515,20.5,5
20220225 211515,20220225,211515,20.5,4
20220225 211515,20220225,211515,20.5,4
20220225 211515,20220225,211515,20.5,7
20220225 211515,20220225,211515,20.5,3
20220225 211519,20220225,211519,20.0,25
20220225 211519,20220225,211519,20.0,4
20220225 211519,20220225,211519,20.0,4
20220225 211519,20220225,211519,20.0,2
20220225 211519,20220225,211519,20.0,5
20220225 211519,20220225,211519,20.0,5
20220225 211519,20220225,211519,20.0,5
20220225 211519,20220225,211519,20.5,1
20220225 211519,20220225,211519,20.5,1
20220225 211529,20220225,211529,21.0,1
20220225 211529,20220225,211529,21.0,1
20220225 211536,20220225,211536,21.0,3
20220225 211536,20220225,211536,21.0,2
20220225 211536,20220225,211536,21.0,1
20220225 211539,20220225,211539,21.0,2
20220225 211539,20220225,211539,21.0,2
20220225 211542,20220225,211542,21.0,1
20220225 211542,20220225,211542,21.0,1
20220225 211545,20220225,211545,21.0,1
20220225 211545,20220225,211545,21.0,1
20220225 211545,20220225,211545,21.0,1
20220225 211545,20220225,211545,21.0,1
20220225 211545,20220225,211545,21.0,2
20220225 211545,20220225,211545,21.0,1
20220225 211545,20220225,211545,21.0,5
20220225 211551,20220225,211551,21.0,1
20220225 211551,20220225,211551,21.0,1
20220225 211600,20220225,211600,21.0,2
20220225 211600,20220225,211600,21.0,1
20220225 211600,20220225,211600,21.0,1
20220225 211612,20220225,211612,21.0,4
20220225 211612,20220225,211612,21.0,2
20220225 211612,20220225,211612,21.0,2
20220225 211618,20220225,211618,20.5,20
20220225 211618,20220225,211618,20.5,1
20220225 211618,20220225,211618,20.5,1
20220225 211618,20220225,211618,20.5,8
20220225 211618,20220225,211618,20.5,10
20220225 211619,20220225,211619,20.5,2
20220225 211619,20220225,211619,20.5,2
20220225 211636,20220225,211636,20.5,2
20220225 211636,20220225,211636,20.5,2
20220225 211637,20220225,211637,20.5,1
20220225 211637,20220225,211637,20.5,1
20220225 211637,20220225,211637,20.5,1
20220225 211637,20220225,211637,20.5,1
20220225 211639,20220225,211639,20.5,1
20220225 211639,20220225,211639,20.5,1
20220225 211644,20220225,211644,20.5,1
20220225 211644,20220225,211644,20.5,1
20220225 211732,20220225,211732,21.0,1
20220225 211732,20220225,211732,21.0,1
20220225 211732,20220225,211732,20.5,3
20220225 211732,20220225,211732,20.5,1
20220225 211732,20220225,211732,20.5,2
20220225 211732,20220225,211732,20.5,1
20220225 211732,20220225,211732,20.5,7
20220225 211754,20220225,211754,21.0,1
20220225 211754,20220225,211754,21.0,1
20220225 211801,20220225,211801,20.5,20
20220225 211801,20220225,211801,20.5,4
20220225 211801,20220225,211801,20.5,1
20220225 211801,20220225,211801,20.5,15
20220225 211817,20220225,211817,21.0,1
20220225 211817,20220225,211817,21.0,1
20220225 211817,20220225,211817,20.5,15
20220225 211817,20220225,211817,20.5,11
20220225 211817,20220225,211817,20.5,2
20220225 211817,20220225,211817,20.5,1
20220225 211817,20220225,211817,20.5,1
20220225 211823,20220225,211823,21.0,2
20220225 211823,20220225,211823,21.0,2
20220225 211825,20220225,211825,21.0,1
20220225 211825,20220225,211825,21.0,1
20220225 211827,20220225,211827,21.0,20
20220225 211827,20220225,211827,21.0,1
20220225 211827,20220225,211827,21.0,19
20220225 211827,20220225,211827,21.0,1
20220225 211827,20220225,211827,21.0,1
20220225 211831,20220225,211831,21.5,1
20220225 211831,20220225,211831,21.5,1
20220225 211831,20220225,211831,21.0,1
20220225 211831,20220225,211831,21.0,1
20220225 211833,20220225,211833,21.0,20
20220225 211833,20220225,211833,21.0,20
20220225 211841,20220225,211841,21.0,3
20220225 211841,20220225,211841,21.0,1
20220225 211841,20220225,211841,21.0,1
20220225 211841,20220225,211841,21.0,1
20220225 211845,20220225,211845,21.0,10
20220225 211845,20220225,211845,21.0,10
20220225 211848,20220225,211848,21.5,1
20220225 211848,20220225,211848,21.5,1
20220225 211852,20220225,211852,21.0,1
20220225 211852,20220225,211852,21.0,1
20220225 211855,20220225,211855,21.0,1
20220225 211855,20220225,211855,21.0,1
20220225 211859,20220225,211859,21.0,5
20220225 211859,20220225,211859,21.0,1
20220225 211859,20220225,211859,21.0,3
20220225 211859,20220225,211859,21.0,1
20220225 211902,20220225,211902,21.0,1
20220225 211902,20220225,211902,21.0,1
20220225 211912,20220225,211912,21.0,1
20220225 211912,20220225,211912,21.0,1
20220225 211912,20220225,211912,21.0,1
20220225 211912,20220225,211912,21.0,1
20220225 211914,20220225,211914,21.5,1
20220225 211914,20220225,211914,21.5,1
20220225 211926,20220225,211926,21.0,1
20220225 211926,20220225,211926,21.0,1
20220225 211928,20220225,211928,21.5,2
20220225 211928,20220225,211928,21.5,1
20220225 211928,20220225,211928,21.5,1
20220225 211945,20220225,211945,21.0,13
20220225 211945,20220225,211945,21.0,12
20220225 211945,20220225,211945,21.0,1
20220225 211949,20220225,211949,21.5,5
20220225 211949,20220225,211949,21.5,4
20220225 211949,20220225,211949,21.5,1
20220225 211950,20220225,211950,21.5,1
20220225 211950,20220225,211950,21.5,1
20220225 211955,20220225,211955,22.0,2
20220225 211955,20220225,211955,22.0,1
20220225 211955,20220225,211955,22.0,1
20220225 211956,20220225,211956,22.0,2
20220225 211956,20220225,211956,22.0,1
20220225 211956,20220225,211956,22.0,1
20220225 211957,20220225,211957,22.0,4
20220225 211957,20220225,211957,22.0,4
20220225 211958,20220225,211958,22.0,1
20220225 211958,20220225,211958,22.0,1
20220225 211958,20220225,211958,22.0,1
20220225 211958,20220225,211958,22.0,1
20220225 211959,20220225,211959,22.5,7
20220225 211959,20220225,211959,22.5,1
20220225 211959,20220225,211959,22.5,6
20220225 212002,20220225,212002,22.0,1
20220225 212002,20220225,212002,22.0,1
20220225 212012,20220225,212012,23.0,4
20220225 212012,20220225,212012,23.0,1
20220225 212012,20220225,212012,23.0,1
20220225 212012,20220225,212012,23.0,2
20220225 212013,20220225,212013,22.5,1
20220225 212013,20220225,212013,22.5,1
20220225 212024,20220225,212024,23.5,1
20220225 212024,20220225,212024,23.5,1
20220225 212025,20220225,212025,23.0,1
20220225 212025,20220225,212025,23.0,1
20220225 212028,20220225,212028,22.5,29
20220225 212028,20220225,212028,22.5,1
20220225 212028,20220225,212028,22.5,2
20220225 212028,20220225,212028,22.5,3
20220225 212028,20220225,212028,22.5,3
20220225 212028,20220225,212028,22.5,1
20220225 212028,20220225,212028,22.5,19
20220225 212031,20220225,212031,23.5,1
20220225 212031,20220225,212031,23.5,1
20220225 212034,20220225,212034,22.5,1
20220225 212034,20220225,212034,22.5,1
20220225 212036,20220225,212036,23.5,1
20220225 212036,20220225,212036,23.5,1
20220225 212037,20220225,212037,23.5,5
20220225 212037,20220225,212037,23.5,2
20220225 212037,20220225,212037,23.5,3
20220225 212040,20220225,212040,24.0,2
20220225 212040,20220225,212040,24.0,2
20220225 212041,20220225,212041,23.0,1
20220225 212041,20220225,212041,23.0,1
20220225 212041,20220225,212041,23.0,1
20220225 212041,20220225,212041,23.0,1
20220225 212041,20220225,212041,23.0,8
20220225 212041,20220225,212041,23.0,4
20220225 212041,20220225,212041,23.0,2
20220225 212041,20220225,212041,23.0,1
20220225 212041,20220225,212041,23.0,1
20220225 212047,20220225,212047,23.0,4
20220225 212047,20220225,212047,23.0,1
20220225 212047,20220225,212047,23.0,3
20220225 212047,20220225,212047,23.0,16
20220225 212047,20220225,212047,23.0,4
20220225 212047,20220225,212047,23.0,12
20220225 212053,20220225,212053,23.0,1
20220225 212053,20220225,212053,23.0,1
20220225 212055,20220225,212055,23.0,5
20220225 212055,20220225,212055,23.0,5
20220225 212058,20220225,212058,23.0,1
20220225 212058,20220225,212058,23.0,1
20220225 212059,20220225,212059,24.0,3
20220225 212059,20220225,212059,24.0,3
20220225 212104,20220225,212104,23.5,1
20220225 212104,20220225,212104,23.5,1
20220225 212111,20220225,212111,23.5,2
20220225 212111,20220225,212111,23.5,2
20220225 212111,20220225,212111,23.5,3
20220225 212111,20220225,212111,23.5,3
20220225 212117,20220225,212117,23.0,21
20220225 212117,20220225,212117,23.0,1
20220225 212117,20220225,212117,23.0,9
20220225 212117,20220225,212117,23.0,1
20220225 212117,20220225,212117,23.0,10
20220225 212121,20220225,212121,23.5,1
20220225 212121,20220225,212121,23.5,1
20220225 212122,20220225,212122,23.0,1
20220225 212122,20220225,212122,23.0,1
20220225 212123,20220225,212123,23.0,10
20220225 212123,20220225,212123,23.0,2
20220225 212123,20220225,212123,23.0,1
20220225 212123,20220225,212123,23.0,7
20220225 212128,20220225,212128,23.0,1
20220225 212128,20220225,212128,23.0,1
20220225 212129,20220225,212129,23.5,1
20220225 212129,20220225,212129,23.5,1
20220225 212130,20220225,212130,23.0,14
20220225 212130,20220225,212130,23.0,5
20220225 212130,20220225,212130,23.0,9
20220225 212130,20220225,212130,23.0,11
20220225 212130,20220225,212130,23.0,11
20220225 212137,20220225,212137,23.0,2
20220225 212137,20220225,212137,23.0,2
20220225 212138,20220225,212138,23.0,1
20220225 212138,20220225,212138,23.0,1
20220225 212147,20220225,212147,23.0,1
20220225 212147,20220225,212147,23.0,1
20220225 212149,20220225,212149,23.0,1
20220225 212149,20220225,212149,23.0,1
20220225 212149,20220225,212149,22.5,1
20220225 212149,20220225,212149,22.5,1
20220225 212156,20220225,212156,22.5,5
20220225 212156,20220225,212156,22.5,4
20220225 212156,20220225,212156,22.5,1
20220225 212156,20220225,212156,22.0,1
20220225 212156,20220225,212156,22.0,1
20220225 212156,20220225,212156,22.0,1
20220225 212156,20220225,212156,22.0,3
20220225 212159,20220225,212159,23.0,7
20220225 212159,20220225,212159,23.0,1
20220225 212159,20220225,212159,23.0,6
20220225 212209,20220225,212209,23.0,1
20220225 212209,20220225,212209,23.0,1
20220225 212210,20220225,212210,23.0,1
20220225 212210,20220225,212210,23.0,1
20220225 212212,20220225,212212,23.0,1
20220225 212212,20220225,212212,23.0,1
20220225 212217,20220225,212217,23.5,2
20220225 212217,20220225,212217,23.5,2
20220225 212225,20220225,212225,23.5,1
20220225 212225,20220225,212225,23.5,1
20220225 212229,20220225,212229,23.0,1
20220225 212229,20220225,212229,23.0,1
20220225 212229,20220225,212229,23.5,3
20220225 212229,20220225,212229,23.5,3
20220225 212231,20220225,212231,23.5,1
20220225 212231,20220225,212231,23.5,1
20220225 212232,20220225,212232,23.0,4
20220225 212232,20220225,212232,23.0,1
20220225 212232,20220225,212232,23.0,1
20220225 212232,20220225,212232,23.0,2
20220225 212235,20220225,212235,23.5,7
20220225 212235,20220225,212235,23.5,3
20220225 212235,20220225,212235,23.5,4
20220225 212236,20220225,212236,23.5,3
20220225 212236,20220225,212236,23.5,1
